3234 5038
754 2025 834 2085 VIII
859 2028 875 2084 1

718 2102 919 2188 (inscriptio)³

250 2549 334 2604 Ham
353 2579 384 2589 -
405 2550 548 2604 barbaras.
578 2550 775 2619 ptolemaeum
792 2565 842 2605 raa
859 2567 895 2604 aa
913 2555 982 2606 certe
1006 2550 1117 2605 herodes
1137 2549 1212 2614 tiliae
1234 2550 1336 2604 sororis
1354 2565 1397 2604 aa·

249 2637 366 2692 lomenia.
385 2638 507 2693 Imaslae
521 2668 553 2677 -
567 2638 662 2692 sorori.
680 2637 764 2693 iuliae
783 2654 851 2707 qaae
870 2639 981 2707 aaauatt
997 2639 1053 2707 fait
1070 2638 1161 2708 neptis
1179 2655 1240 2694 amna
1258 2655 1314 2708 aaa
1327 2655 1395 2693 aom-

249 2727 324 2780 ma'sit
342 2726 473 2780 iaaeatum
491 2727 661 2794 quamobrem
681 2727 713 2780 ab
732 2731 847 2794 arquato
866 2727 900 2781 ab
917 2727 980 2782 ame
997 2727 1131 2795 releuatus
1153 2731 1201 2779 eet.
1227 2731 1292 2795 post
1311 2741 1396 2794 amau·

249 2819 319 2868 atum
337 2815 415 2868 lassa
434 2815 552 2884 layum
570 2817 676 2869 occisus
694 2820 740 2870 eat.
769 2831 833 2869 mam
851 2831 909 2869 aava
937 2831 970 2870 ea
992 2813 1128 2869 amttoaa'a
1155 2829 1240 2868 amora
1264 2819 1399 2883 aequatas

251 2905 301 2957 eto.
323 2903 401 2970 (haee
420 2903 454 2957 de
472 2903 594 2972 Augusti
622 2902 730 2956 familia
754 2902 874 2956 conflata
898 2906 962 2956 sunt
981 2919 1015 2956 ex
1041 2901 1116 2956 Suet.
1135 2904 1209 2972 Aug.
1228 2919 1306 2971 capp.
1326 2904 1396 2956 63-

251 2990 297 3059 65)
316 2990 510 3059 ...auidam
527 2990 665 3044 beronicen
683 2991 764 3044 aiant
783 2990 890 3045 herodis
906 2990 992 3058 filiam
1011 2993 1062 3044 eta.
1094 2990 1145 3044 llio
1162 2990 1238 3044 loeus
1256 2990 1397 3045 luculento

251 3079 377 3147 exemplo
396 3081 575 3154 potestesse,
596 3095 651 3146 qua
670 3078 787 3146 ratione,
805 3079 890 3132 immo
911 3095 966 3146 qua
984 3077 1187 3132 lieentiaValla
1205 3079 1290 3133 Probi
1309 3080 1398 3134 inter·

250 3169 427 3235 pretamenta
446 3165 475 3219 in
493 3183 574 3219 usum
593 3183 672 3219 suum
691 3165 870 3233 converterit,
898 3165 1018 3220 aliorum
1044 3166 1215 3236 scriptorum
1245 3167 1320 3222 loaos
1347 3167 1395 3222 ad·

250 3255 402 3322 misouerit,
421 3253 556 3308 adiecerit
575 3271 633 3307 sua.
664 3253 769 3306 Mirum
786 3254 816 3307 id
836 3254 925 3308 solum
943 3271 1006 3308 eum
1024 3271 1114 3322 neque
1132 3255 1166 3308 L.
1184 3255 1298 3308 Aemilii
1317 3255 1398 3310 Pauli

252 3342 451 3397 coniurationis
469 3342 638 3396 mentionem
655 3341 748 3396 faeere
766 3359 855 3410 neque
868 3341 902 3395 de
915 3341 1021 3411 duplici
1033 3342 1122 3396 Iuliae
1133 3342 1306 3412 relegatione
1318 3361 1396 3398 saeu-

251 3431 340 3484 ratius
353 3431 467 3495 referre,
487 3448 548 3485 oum
568 3434 688 3498 utraque
707 3448 751 3484 res
769 3433 900 3484 narretur
919 3429 1023 3484 scholio
1036 3429 1191 3484 Pithoaano
1206 3431 1304 3485 altero.
1324 3430 1397 3498 Quo·

251 3520 327 3574 niam
342 3536 409 3574 vero
424 3519 577 3572 clausulam
597 3519 656 3573 eius
672 3518 745 3587 (port
760 3549 790 3557 -
804 3519 963 3584 interfectas
981 3522 1029 3582 est)
1048 3519 1134 3573 tertio
1148 3518 1397 3588 interpretamento

252 3608 406 3662 Pithoeano
427 3607 471 3678 (de
490 3624 544 3675 quo
564 3607 598 3662 ef.
617 3606 750 3677 Sohopen.
764 3607 782 3660 l.
794 3624 817 3660 a.
835 3624 862 3675 p.
877 3608 936 3671 380)
951 3606 1148 3676 adglutinavit‚
1167 3607 1228 3662 veri
1246 3607 1336 3661 simile
1354 3610 1398 3660 est

253 3713 315 3750 eum
334 3695 403 3750 illud
423 3713 533 3764 quoque
552 3696 693 3766 integrum
714 3695 743 3748 in
771 3694 865 3750 codiee
884 3712 933 3748 suo
964 3694 1110 3757 invenisse,
1138 3695 1167 3748 iu
1195 3695 1396 3751 commentario

252 3789 346 3838 autem
365 3785 427 3839 ideo
449 3785 599 3839 maximam
617 3789 727 3854 partem
745 3783 972 3853 praetermisisse,
991 3783 1057 3851 quia
1075 3783 1104 3836 iu
1123 3784 1182 3837 eius
1203 3783 1292 3836 locum
1315 3783 1398 3852 plura

252 3878 281 3929 et
299 3873 430 3927 uberiora
448 3873 650 3927 substituturus
669 3875 731 3927 erat
749 3889 764 3926 a
783 3870 923 3925 Suetonio.
952 3870 1056 3938 Quodsi
1075 3871 1145 3941 legit
1164 3871 1235 3924 illud
1253 3871 1397 3938 scholium,

253 3980 286 4016 ex
308 3962 401 4016 verbis
424 3961 482 4016 eius
501 3961 625 4016 oonioias
651 3978 703 4030 pro
730 3959 869 4029 eorruptis
893 3975 969 4014 vooo.
1000 3959 1026 4012 ‘a
1052 3959 1176 4015 barbaro’
1194 3959 1397 4016 restituendum

253 4067 311 4105 esse
329 4067 385 4104 non
403 4049 445 4104 ‘ab
464 4050 521 4104 aoo'
540 4049 587 4103 ssd
606 4050 647 4103 'ab
665 4050 744 4104 mrba’.

355 4140 363 4170 ¹
383 4138 477 4192 Valla:
502 4137 676 4192 Vamam'aam.
693 4153 851 4208 pauperem.
870 4137 902 4193 aa
920 4137 1029 4193 uenusto
1048 4136 1158 4205 appiae.

354 4228 364 4259 ²
380 4225 473 4280 Valla:
494 4225 546 4280 Nil
559 4225 641 4293 paam
659 4223 774 4290 famant.
786 4225 826 4278 aia
837 4224 976 4279 Laaaaaa.
995 4224 1108 4279 erimina
1123 4223 1283 4293 ausaparoi
1293 4221 1399 4278 caraem

250 4320 363 4386 potuere
380 4315 484 4372 mareri.

354 4405 364 4436 ³
384 4403 476 4458 Valla:
495 4403 643 4458 Stemmata
654 4431 685 4440 ·-
698 4403 809 4458 erasmi.
829 4403 913 4458 Homo
925 4401 1113 4471 adorantium
1130 4406 1254 4471 satyram
1266 4399 1399 4456 turmalis

255 4489 288 4544 de
305 4492 440 4546 nataliam
458 4491 587 4548 claritate
603 4490 697 4546 saraa
715 4527 722 4542 .
743 4530 749 4544 .
770 4531 777 4544 .
797 4529 804 4544 .
