3234 5038
246 1161 285 1217 32
294 1159 422 1218 altorum

313 1257 407 1318 schol.
477 1319 478 1322 ,

246 1359 285 1417 33

474 1458 513 1516 34
546 1457 631 1534 prius

534 1554 650 1618 ειοΙιοΙ.8

226 1939 252 1974 v.
271 1921 285 1974 I
303 1938 330 1990 p.
351 1923 413 1975 350.
431 1922 464 1976 In
482 1923 526 1980 his
537 1924 680 1994 Sohoponi,
694 1925 922 1980 adnotationibus
940 1925 1081 1995 permulta
1099 1924 1194 1979 insunt
1212 1925 1280 1978 satis
1298 1925 1373 1978 bona

226 2027 276 2064 neo
286 2011 503 2080 praetereunda3
523 2013 611 2067 miror
621 2013 751 2068 Iahnium
764 2031 821 2068 non
833 2014 942 2082 saepius
952 2005 1042 2068 atiani
1048 2012 1092 2066 his
1102 2011 1176 2066 notis
1186 2011 1272 2065 fuisso
1282 2029 1371 2066 usum.

325 2098 333 2127 ¹
353 2097 413 2151 Iam
431 2097 591 2169 Sohoponus
610 2101 627 2156 l.
646 2119 669 2156 c.
688 2118 716 2170 p.
740 2104 794 2156 350
819 2101 951 2172 cognovit
969 2101 1088 2168 Vallum,
1112 2101 1160 2168 qui
1179 2099 1248 2177 haec
1266 2099 1372 2154 scholia

225 2185 262 2240 ud
278 2204 305 2240 v.
330 2188 362 2240 18
380 2186 481 2255 adfert,
508 2188 640 2244 lemmata
662 2190 765 2244 rectius
789 2190 920 2244 exhibere
949 2189 999 2243 sic:
1028 2187 1185 2243 Dissimiles
1203 2187 1283 2242 ueris.
1303 2189 1372 2255 quia

225 2291 278 2328 non
297 2279 375 2330 eraut
390 2276 532 2330 naturales
551 2275 597 2330 scd
615 2293 697 2330 mauu
716 2276 860 2344 confectae.
881 2276 990 2346 Quanto
1011 2274 1209 2344 praestantius.
1232 2275 1328 2330 melius
1346 2275 1372 2329 si

223 2367 326 2417 natura
344 2379 395 2417 sem
412 2369 500 2418 esseut
517 2364 651 2434 uyurpliae
670 2381 752 2434 quiam
769 2365 950 2419 marmoribus
974 2368 1102 2419 exornate
1125 2379 1172 2419 nec
1191 2381 1209 2418 a
1225 2363 1371 2434 [taediosis

223 2451 377 2506 dominibus
391 2451 585 2522 polluerentur.
613 2453 659 2506 Ad
677 2453 718 2507 111
738 2453 774 2506 20
793 2458 886 2508 autem
899 2453 981 2508 Valla
999 2453 1068 2506 haec
1087 2452 1216 2506 adnotat:
1240 2443 1371 2522 Toplmm.

221 2540 320 2608 toplms
339 2540 443 2609 lipidis
460 2541 564 2608 species
581 2546 619 2595 est
638 2541 727 2595 scabri
751 2546 776 2596 et
799 2543 920 2609 friatilis
938 2541 987 2610 qui
1004 2540 1081 2610 vulco
1105 2557 1178 2594 uuna
1208 2556 1310 2610 quoque
1328 2542 1371 2596 ita

222 2633 340 2682 uocatur.
368 2629 443 2698 Virga
467 2628 508 2682 Et
526 2629 623 2698 tophus
641 2630 736 2684 scaber
755 2630 888 2699 etaloris
906 2646 985 2684 exesa
1003 2628 1150 2700 chelydris:
1180 2634 1254 2684 creta
1277 2629 1369 2700 (Verg.

222 2733 317 2785 georg.
336 2715 363 2769 II
382 2716 456 2785 214).
488 2715 529 2770 Cf.
556 2716 629 2770 Plin.
656 2734 682 2769 n.
703 2716 730 2769 h.
749 2715 826 2770 XVII
856 2716 890 2769 29
919 2721 948 2770 et
975 2717 1061 2771 schol.
1082 2718 1143 2771 cod.
1163 2716 1241 2770 Voss.
1260 2735 1302 2771 nr.
1322 2720 1368 2773 64:

226 2804 310 2871 Toius
330 2803 399 2858 euim
426 2808 538 2858 uocatur
562 2803 635 2872 lapis
655 2803 731 2874 niyer
749 2810 774 2858 ei
792 2803 878 2858 durus
906 2809 988 2873 atque
1005 2805 1069 2859 uilis
1096 2805 1143 2859 ubi
1169 2805 1232 2860 bene
1257 2804 1370 2874 (ferrum

222 2891 303 2945 Bern.
323 2891 447 2958 nauus)
466 2892 585 2946 acuitur.
605 2897 644 2946 est
664 2892 735 2947 enim
754 2892 930 2961 asperrimus.
951 2893 1015 2948 dinc
1032 2894 1112 2963 nicol.
1131 2894 1175 2949 irie
1193 2893 1371 2960 tofusscaber·

222 2985 247 3034 et
264 2980 354 3050 niquis
373 2996 424 3034 aaa
442 2979 600 3048 chylindris.

322 3071 332 3102 ²
351 3068 446 3124 Valla:
468 3069 555 3124 Nulla
574 3071 750 3125 cruciamenta
767 3070 899 3125 latonam.
917 3069 950 3124 id
963 3075 1001 3124 est
1014 3070 1105 3125 nulius
1116 3069 1226 3137 fructus
1244 3069 1333 3126 doctis
1345 3075 1370 3126 et

219 3157 318 3227 peritis
336 3157 490 3212 litterarum
509 3162 555 3212 est.

321 3245 332 3277 ⁸
350 3244 435 3315 Apud
454 3245 565 3299 Vallum
584 3246 668 3300 schol.
688 3244 762 3299 Pith.
782 3246 819 3300 ad
836 3245 877 3299 III
896 3247 930 3298 23
951 3245 1050 3299 melius
1069 3245 1236 3314 dispositum
1255 3250 1297 3300 esi
1316 3245 1370 3300 hoo

220 3334 317 3389 modo:
337 3335 456 3389 Deteret.
475 3333 508 3388 dc
527 3334 590 3402 insa
607 3350 636 3388 re
650 3334 773 3403 paruulo
791 3333 875 3389 deerit
894 3339 920 3388 et
939 3333 1070 3387 diminuit
1084 3332 1223 3402 quottidie.
1237 3332 1370 3402 Euiauis.

217 3422 394 3492 pannutius.

320 3511 332 3542 ⁴
350 3509 443 3564 Valla:
471 3509 601 3580 innobiles
627 3525 688 3564 uero
706 3510 846 3580 sianificat
865 3515 891 3564 ct
909 3526 942 3564 ea
960 3509 1081 3570 obscuris
1100 3510 1200 3565 nobiles
1219 3527 1253 3566 ac
1271 3509 1369 3566 diuites

219 3598 319 3667 iactos3
338 3597 374 3653 of.
393 3597 479 3652 etism
497 3599 581 3654 schol.
601 3599 681 3654 codd.
698 3599 777 3654 Voss.
796 3618 837 3653 nr.
860 3602 891 3653 18
910 3604 939 3654 ct
958 3601 1005 3652 64:
1027 3641 1033 3654 .
1053 3639 1060 3652 .
1080 3639 1087 3652 .
1106 3639 1112 3652 .
1138 3600 1266 3670 innobiles
1284 3600 1369 3670 siqui·

217 3686 281 3753 sicat
299 3685 452 3742 anordidiis
471 3687 618 3757 (Schopen.
639 3688 711 3742 coni.
731 3704 764 3743 aa
782 3687 918 3757 sordidis)
937 3687 1037 3742 diuites
1055 3689 1150 3755 factos.

324 3775 335 3806 ⁶
354 3774 448 3830 Valla.¹
467 3774 563 3831 Facile
581 3781 620 3830 est
639 3775 729 3830 aedem
749 3775 901 3832 conducere.
922 3776 1029 3830 Probus
1048 3776 1158 3844 exponit
1180 3781 1211 3830 ut
1226 3777 1368 3845 publicani

218 3861 289 3915 siut:
308 3878 353 3932 cao
371 3863 523 3931 putaverim
542 3868 593 3918 eto.

320 3953 330 3983 ⁶
348 3951 443 4006 Valla:
462 3951 623 4007 Siccandam
642 3953 764 4008 eluviem.
789 3953 960 4007 evacuandas
980 3953 1091 4008 cumas.
1130 3953 1172 4008 De
1191 3953 1244 4009 hoo
1262 3955 1366 4010 scholio

218 4042 304 4107 atquo
321 4039 500 4107 praecedenti
522 4039 557 4094 of.
577 4039 754 4109 Sohopenum
774 4042 792 4094 l.
812 4058 837 4096 o.
856 4059 883 4110 p.
902 4044 962 4096 350.

319 4130 328 4158 ⁷
349 4125 442 4181 Vultu:
465 4127 506 4182 lli
520 4129 648 4195 praetere
661 4134 744 4197 caput
756 4128 876 4183 domiuo.
891 4146 960 4198 quae
973 4130 1112 4185 dominum
1123 4131 1206 4200 facit3
1226 4131 1261 4185 ci.
1282 4131 1366 4186 schol.

220 4213 298 4268 codd.
318 4215 396 4269 Voss.
426 4231 469 4268 nr.
501 4219 533 4270 ls
560 4221 588 4271 et
616 4218 663 4270 64:
696 4217 940 4272 ....dominam
962 4224 1052 4273 autem
1077 4217 1185 4273 lustum
1211 4218 1280 4273 dicit
1298 4235 1367 4286 quac

220 4301 341 4356 dominos
359 4303 429 4370 fucit
447 4342 453 4356 .
472 4341 478 4354 .
500 4345 506 4357 .
529 4343 560 4358 ..

318 4392 329 4424 ⁸
347 4391 394 4444 Ad
412 4390 452 4446 111
471 4393 506 4446 35
525 4392 605 4447 Valla
626 4393 758 4448 adnotat:
779 4393 921 4462 Notaequc
939 4409 987 4462 per
1006 4394 1110 4464 oppida
1129 4394 1235 4449 buccae.
1243 4393 1367 4462 parasiti

219 4483 268 4532 aut
286 4477 433 4545 delatorem
453 4479 488 4534 of.
507 4481 663 4536 Heinriohii
683 4482 765 4536 adh.
786 4481 803 4534 l.
824 4482 1035 4536 adnotationem
1053 4481 1070 4534 l.
1090 4499 1113 4536 c.
1133 4499 1160 4551 p.
1180 4484 1241 4536 350.
