3234 5038
504 1103 586 1168 *77⁴

528 1212 566 1269 79
597 1211 681 1299 prins

289 1315 328 1373 79
338 1312 465 1371 alterum
583 1307 699 1369 εοΙιοΙ.5

356 1413 450 1473 schol.
526 1413 563 1471 81
594 1411 677 1488 prius

581 1509 696 1570 schol-⁶
748 1519 786 1577 81
804 1517 931 1577 alterum

731 1675 732 1678 ,
823 1617 914 1677 sohol.

267 2079 382 2133 athletae
399 2078 481 2133 oioiio
499 2093 597 2147 araeea
623 2077 798 2132 dissolutione
825 2076 1002 2142 omnifariam
1033 2074 1241 2144 aeramentibas.
1269 2073 1414 2129 Gramerus

268 2166 306 2236 (p.
317 2165 364 2234 84)
383 2166 418 2220 de
436 2166 488 2220 hoa
507 2166 699 2220 commentarii
718 2164 839 2218 Valliani
857 2165 918 2218 loeo
938 2163 1034 2217 multis
1053 2163 1082 2216 in
1100 2162 1183 2216 rebus
1203 2162 1289 2216 falsus
1310 2167 1359 2216 est.

371 2256 379 2284 ¹
399 2252 492 2308 Valla:
513 2252 657 2308 Nioetoria.
675 2252 818 2322 syllateria
840 2257 906 2306 eant
924 2267 993 2321 onae
1012 2251 1044 2305 ob
1063 2250 1203 2306 victoriam
1218 2250 1321 2318 fiebant
1338 2253 1363 2304 et
1381 2249 1414 2304 ote

267 2339 334 2394 oolla
350 2340 502 2408 pendentia
518 2341 694 2409 enotabantur
712 2355 781 2409 qaae
799 2335 855 2392 ἀπὸ
874 2339 920 2406 τῆς
937 2340 1013 2404 ninia
1031 2337 1061 2392 ia
1083 2321 1122 2393 obt
1144 2355 1161 2391 o
1184 2337 1302 2392 viatoria
1320 2352 1415 2390 nomm

268 2432 428 2494 traxerant3
447 2427 482 2481 of.
502 2427 586 2482 schol.
605 2428 665 2482 aod.
684 2428 760 2482 Voss.
781 2445 822 2481 nr.
844 2429 894 2480 18:
927 2425 1076 2480 niobeteria
1100 2425 1230 2480 dicantar
1253 2424 1415 2492 philacteria

269 2531 337 2584 qaae
353 2517 498 2584 restabant
517 2516 620 2570 allatae
632 2517 664 2568 in
681 2516 770 2584 eapite
789 2520 813 2570 et
833 2519 893 2568 erat
910 2513 949 2567 ibi
963 2513 1128 2582 descriptam
1142 2513 1265 2582 amoliene
1278 2513 1413 2568 oioiosent.

269 2605 344 2659 Nam
357 2604 450 2658 niobae
462 2619 536 2673 areae
546 2604 648 2658 daitm·
660 2604 745 2658 oiotm
763 2603 826 2658 bino
836 2601 947 2656 aniobos
959 2601 1082 2656 invictas.
1101 2601 1165 2657 imte
1177 2601 1257 2656 etiam
1266 2601 1413 2658 niobeteria

266 2691 297 2745 in
317 2692 414 2760 quibas
432 2692 560 2746 victoriae
576 2696 640 2746 ,eant
658 2691 784 2761 scriptae,
804 2694 832 2744 et
849 2691 932 2760 gloss.
952 2688 1053 2743 Parin:
1075 2688 1216 2745 Niceteria
1234 2690 1376 2756 filacteria.

368 2782 379 2812 ‘⁸
392 2778 486 2834 Valla:
504 2780 759 2847 Viscera-satam.
772 2779 814 2832 ita
825 2794 853 2832 se
863 2779 956 2846 inanit
965 2779 1093 2847 inaerant
1102 2777 1159 2832 saio
1170 2772 1276 2832 artibao
1289 2783 1320 2832 nt
1332 2779 1413 2834 etiam

267 2885 295 2923 oo
322 2867 429 2922 taedeo
455 2869 565 2935 saturos
584 2868 766 2934 arbitrentar5
802 2866 838 2922 ef.
857 2866 941 2920 schol.
961 2866 1020 2921 eod.
1040 2865 1117 2920 Voss.
1147 2884 1188 2920 nr.
1219 2869 1267 2921 18:
1294 2868 1412 2922 oieoera:

267 2955 314 3010 Sia
338 2955 429 3024 inanit
453 2972 480 3010 se
502 2956 673 3026 inyesserant
703 2961 729 3010 et
754 2954 863 3009 intimos
893 2956 1014 3022 formant
1044 2954 1155 3009 alianole
1181 2955 1351 3010 advenientes
1381 2961 1413 3010 at

264 3060 316 3114 per
334 3043 467 3096 aaailiam
486 3049 672 3098 matronarum
692 3059 752 3098 onai
772 3043 867 3112 quibas
885 3048 978 3098 oooant
996 3048 1109 3112 sperant
1127 3058 1154 3097 se
1173 3044 1232 3110 sore
1249 3044 1365 3100 boreales.

369 3129 379 3160 ³
397 3130 493 3185 Valla:
511 3132 590 3186 Isaeo
609 3133 763 3186 torrentior.
782 3131 873 3184 isaias
891 3132 981 3186 rbetar
999 3131 1246 3197 finitatbeniemie:
1265 3137 1296 3185 at
1307 3132 1412 3186 Probae

268 3218 359 3287 inanit
382 3219 457 3273 illias
480 3220 605 3287 temporie
629 3219 674 3287 (of.
693 3218 777 3274 sohel.
803 3218 862 3272 eod.
892 3218 967 3272 Leid.
993 3219 1060 3273 bibl.
1084 3219 1162 3288 publ.
1186 3237 1229 3272 nr.
1252 3221 1300 3273 82:
1338 3218 1411 3274 Ioei:

267 3308 345 3361 Istas
363 3309 452 3362 rabor
469 3309 526 3376 fait
543 3308 710 3362 atloaienoio
727 3307 802 3361 illino
821 3307 967 3376 temporis.)
987 3308 1064 3362 enias
1083 3313 1108 3362 et
1126 3307 1281 3376 aaronitas
1294 3307 1413 3361 meminit

268 3412 291 3448 e.
312 3413 338 3464 q.
357 3413 392 3464 e.;
413 3391 453 3451 ef.¹
467 3397 558 3450 Iahnii
577 3391 613 3450 nd
631 3396 657 3448 h.
675 3397 693 3448 l.
714 3395 931 3463 adnotationem,
950 3396 994 3450 oui
1013 3395 1043 3448 id
1061 3394 1237 3450 adiciendum
1256 3400 1298 3449 est
1313 3395 1414 3450 menti·

268 3501 349 3537 onem
369 3488 443 3538 certe
461 3483 546 3537 Plinii
566 3484 595 3536 in
613 3483 705 3538 Probo
725 3501 774 3537 suo
793 3484 902 3538 Vallem
922 3485 1068 3550 invenisse,
1092 3484 1157 3539 lieet
1176 3484 1267 3553 ipsum
1286 3485 1412 3538 loeume

268 3571 353 3625 Plinii
372 3572 505 3641 exemplis
524 3573 665 3641 impressio
685 3572 871 3641 descripserit.
894 3573 1005 3626 Glossae
1029 3572 1204 3627 Nicaeenses:
1228 3572 1306 3628 Ietas
1326 3573 1412 3628 oleata·

270 3664 358 3714 mator
373 3660 429 3726 fait
449 3661 551 3716 Romae
569 3660 757 3722 omnimodae,
776 3661 808 3714 cle
828 3677 878 3730 aaa
898 3660 1008 3716 Pliniao
1027 3676 1107 3728 nepos
1125 3661 1156 3714 ia
1173 3661 1300 3729 epistolis.

369 3751 379 3781 ⁴
398 3748 491 3803 Valla:
511 3748 714 3804 Soboenobatee.
735 3749 783 3818 qai
797 3766 847 3818 per
865 3750 944 3816 tanes
962 3748 994 3803 id
1012 3749 1076 3819 (leg.
1095 3748 1128 3814 it)
1149 3755 1270 3804 extensae
1286 3749 1409 3804 latitan-

269 3835 328 3890 itas.
348 3851 365 3889 a
382 3835 505 3890 oaboems
522 3837 599 3903 fanis
618 3843 642 3890 et
661 3838 746 3892 batto:
767 3837 838 3905 qaod
854 3838 993 3906 poetieam
1010 3839 1116 3892 verbam
1136 3837 1238 3892 scando
1257 3838 1410 3907 elamitem,-

269 3923 304 3979 ol.
323 3924 407 3978 schol.
427 3924 485 3978 eod.
506 3924 583 3979 Voss.
603 3943 645 3979 nr.
666 3927 714 3979 18:
733 3927 883 3981 scenobatae
902 3932 940 3980 eet
958 3926 1142 3992 sanambalao.
1161 3926 1411 3993 namsoenossanis

269 4012 346 4066 botin
364 4012 477 4081 orarias,
496 4017 525 4066 et
542 4015 625 4083 gloss.
638 4013 994 4069 Nicaeense-amenitatis
1003 4029 1106 4083 aromo,
1124 4013 1208 4068 latine
1219 4015 1412 4082 funiambulos,

268 4115 333 4154 nam
352 4105 462 4169 σχοῖνος
478 4101 565 4167 sanis,
583 4097 665 4168 ῥάτης
682 4104 835 4167 amintam,
852 4103 896 4157 ille
914 4108 953 4157 est
973 4102 1020 4172 aui
1038 4117 1126 4172 snpra
1142 4101 1222 4169 sanes
1241 4104 1367 4158 ambalat.

370 4187 491 4242 ⁵Valln:
511 4189 558 4243 Aa
578 4205 721 4244 sommam:
749 4191 787 4246 ad
802 4197 977 4259 postremam.
1007 4207 1041 4245 ne
1063 4207 1143 4260 noyer
1161 4189 1266 4258 lanatas
1292 4194 1357 4259 ete.;
1376 4189 1411 4244 ef.

268 4275 352 4345 gloss.
372 4275 466 4328 interl.
485 4276 544 4330 eod.
563 4277 641 4332 Leid.
667 4278 733 4332 bibl.
754 4280 831 4348 publ.
850 4297 892 4333 nr.
913 4281 962 4332 82:
991 4278 1038 4332 aa
1056 4294 1200 4334 tammam:
1229 4280 1266 4334 od
1288 4279 1411 4333 nltimam

268 4365 308 4418 ool
323 4368 499 4432 postremam.
518 4371 631 4435 aaaerat
649 4366 781 4422 lenitatem
799 4383 946 4438 yreooram.
971 4367 1004 4421 In
1023 4368 1127 4422 scholio
1146 4367 1299 4422 Pithoeano
1319 4367 1410 4437 legen·

269 4452 336 4505 dum
354 4452 424 4506 mihi
444 4453 568 4508 videtur:
588 4471 664 4510 omne
681 4462 712 4510 at
730 4456 786 4512 iam
803 4457 898 4513 diram.

370 4539 381 4570 ⁶
397 4538 489 4595 Velle:
501 4543 609 4598 Horam
618 4545 804 4615 -eonotmlia
815 4545 931 4600 ostrinos
940 4547 1039 4602 colores
1048 4551 1148 4614 etqaoe
1160 4561 1275 4600 romana
1285 4542 1414 4598 modestia
1430 4595 1432 4600 .
