<?xml version="1.0" encoding="UTF-8"?>
<!DOCTYPE html PUBLIC "-//W3C//DTD XHTML 1.0 Transitional//EN"
    "http://www.w3.org/TR/xhtml1/DTD/xhtml1-transitional.dtd">
<html xmlns="http://www.w3.org/1999/xhtml" xml:lang="en" lang="en">
 <head>
  <title>
</title>
<meta http-equiv="Content-Type" content="text/html;charset=utf-8" />
  <meta name='ocr-system' content='tesseract 3.04.00' />
  <meta name='ocr-capabilities' content='ocr_page ocr_carea ocr_par ocr_line ocrx_word'/>
</head>
<body>
  <div class='ocr_page' id='page_1' title='image "./depithoeanisini00stepgoog_0064.png"; bbox 0 0 3234 5038; ppageno 0'>
   <div class='ocr_carea' id='block_1_1' title="bbox 236 467 608 732">
    <p class='ocr_par' dir='ltr' id='par_1_1' title="bbox 236 467 608 732">
     <span class='ocr_line' id='line_1_1' title="bbox 236 467 434 527; baseline 0.005 -2"><span class='ocrx_word' id='word_1_1' title='bbox 236 469 296 527; x_wconf 88' lang='grc'>266</span> <span class='ocrx_word' id='word_1_2' title='bbox 307 467 434 526; x_wconf 79' lang='lat' dir='ltr'>alterum</span> 
     </span>
     <span class='ocr_line' id='line_1_2' title="bbox 325 563 605 627; baseline 0 -1"><span class='ocrx_word' id='word_1_3' title='bbox 325 567 419 627; x_wconf 88' lang='lat' dir='ltr'>sohol.</span> <span class='ocrx_word' id='word_1_4' title='bbox 513 563 605 626; x_wconf 75' lang='grc' dir='ltr'>ο2671</span> 
     </span>
     <span class='ocr_line' id='line_1_3' title="bbox 482 664 608 732; baseline -0.032 0"><span class='ocrx_word' id='word_1_5' title='bbox 482 727 485 732; x_wconf 87' lang='grc'><strong>,</strong></span> <span class='ocrx_word' id='word_1_6' title='bbox 529 664 608 728; x_wconf 78' lang='lat'>269²</span> 
     </span>
    </p>
   </div>
   <div class='ocr_carea' id='block_1_2' title="bbox 235 868 297 1125">
    <p class='ocr_par' dir='ltr' id='par_1_2' title="bbox 235 868 297 1125">
     <span class='ocr_line' id='line_1_4' title="bbox 237 868 297 925; baseline 0.017 -1"><span class='ocrx_word' id='word_1_7' title='bbox 237 868 297 925; x_wconf 87' lang='grc'>274</span> 
     </span>
     <span class='ocr_line' id='line_1_5' title="bbox 236 967 296 1025; baseline 0.033 -2"><span class='ocrx_word' id='word_1_8' title='bbox 236 967 296 1025; x_wconf 88' lang='grc'>275</span> 
     </span>
     <span class='ocr_line' id='line_1_6' title="bbox 235 1067 295 1125; baseline 0 -1"><span class='ocrx_word' id='word_1_9' title='bbox 235 1067 295 1125; x_wconf 83' lang='grc'>276</span> 
     </span>
    </p>
   </div>
   <div class='ocr_carea' id='block_1_3' title="bbox 235 1267 295 1424">
    <p class='ocr_par' dir='ltr' id='par_1_3' title="bbox 235 1267 295 1424">
     <span class='ocr_line' id='line_1_7' title="bbox 235 1267 295 1324; baseline 0.033 -2"><span class='ocrx_word' id='word_1_10' title='bbox 235 1267 295 1324; x_wconf 93' lang='grc'>278</span> 
     </span>
     <span class='ocr_line' id='line_1_8' title="bbox 235 1367 294 1424; baseline 0.034 -2"><span class='ocrx_word' id='word_1_11' title='bbox 235 1367 294 1424; x_wconf 87' lang='grc'>279</span> 
     </span>
    </p>
   </div>
   <div class='ocr_carea' id='block_1_4' title="bbox 234 1468 296 1526">
    <p class='ocr_par' dir='ltr' id='par_1_4' title="bbox 234 1468 296 1526">
     <span class='ocr_line' id='line_1_9' title="bbox 234 1468 296 1526; baseline 0.032 -2"><span class='ocrx_word' id='word_1_12' title='bbox 234 1468 296 1526; x_wconf 88' lang='grc'>280</span> 
     </span>
    </p>
   </div>
   <div class='ocr_carea' id='block_1_5' title="bbox 235 1566 1121 1727">
    <p class='ocr_par' dir='ltr' id='par_1_5' title="bbox 235 1566 1121 1727">
     <span class='ocr_line' id='line_1_10' title="bbox 235 1566 431 1644; baseline -0.02 -17"><span class='ocrx_word' id='word_1_13' title='bbox 235 1566 431 1644; x_wconf 68' lang='grc'>2830010000]</span> 
     </span>
     <span class='ocr_line' id='line_1_11' title="bbox 323 1658 1121 1727; baseline -0.008 -2"><span class='ocrx_word' id='word_1_14' title='bbox 323 1667 417 1727; x_wconf 85' lang='lat' dir='ltr'>sohel.</span> <span class='ocrx_word' id='word_1_15' title='bbox 959 1658 1019 1716; x_wconf 87' lang='grc'>283</span> <span class='ocrx_word' id='word_1_16' title='bbox 1035 1661 1121 1720; x_wconf 82' lang='lat' dir='ltr'>altor.</span> 
     </span>
    </p>
   </div>
   <div class='ocr_carea' id='block_1_6' title="bbox 236 1757 1136 1926">
    <p class='ocr_par' dir='ltr' id='par_1_6' title="bbox 236 1757 1136 1926">
     <span class='ocr_line' id='line_1_12' title="bbox 236 1757 1136 1827; baseline -0.01 0"><span class='ocrx_word' id='word_1_17' title='bbox 236 1769 295 1827; x_wconf 88' lang='grc'>283</span> <span class='ocrx_word' id='word_1_18' title='bbox 310 1768 431 1826; x_wconf 83' lang='lat' dir='ltr'>tertium</span> <span class='ocrx_word' id='word_1_19' title='bbox 1024 1757 1136 1821; x_wconf 76' lang='lat' dir='ltr'>sohel.⁶</span> 
     </span>
     <span class='ocr_line' id='line_1_13' title="bbox 323 1867 415 1926; baseline 0 0"><span class='ocrx_word' id='word_1_20' title='bbox 323 1867 415 1926; x_wconf 89' lang='lat' dir='ltr'>sohel.</span> 
     </span>
    </p>
   </div>
   <div class='ocr_carea' id='block_1_7' title="bbox 236 2158 432 2165">
    <p class='ocr_par' dir='ltr' id='par_1_7' title="bbox 236 2158 432 2165">
     <span class='ocr_line' id='line_1_14' title="bbox 236 2158 432 2165; baseline 0 -1"><span class='ocrx_word' id='word_1_21' title='bbox 236 2158 432 2165; x_wconf 84' lang='lat'>——.</span> 
     </span>
    </p>
   </div>
   <div class='ocr_carea' id='block_1_8' title="bbox 228 2299 1378 4571">
    <p class='ocr_par' dir='ltr' id='par_1_8' title="bbox 231 2299 1378 2883">
     <span class='ocr_line' id='line_1_15' title="bbox 233 2299 1378 2370; baseline 0 -16"><span class='ocrx_word' id='word_1_22' title='bbox 233 2299 391 2354; x_wconf 79' lang='lat' dir='ltr'><strong><em>Portlmeo:</em></strong></span> <span class='ocrx_word' id='word_1_23' title='bbox 418 2299 560 2368; x_wconf 79' lang='lat' dir='ltr'>porthmos</span> <span class='ocrx_word' id='word_1_24' title='bbox 581 2299 685 2354; x_wconf 81' lang='lat' dir='ltr'>dieitur</span> <span class='ocrx_word' id='word_1_25' title='bbox 712 2305 846 2370; x_wconf 69' lang='lat' dir='ltr'>ouomstus</span> <span class='ocrx_word' id='word_1_26' title='bbox 873 2299 1012 2368; x_wconf 83' lang='lat' dir='ltr'>traiectus,</span> <span class='ocrx_word' id='word_1_27' title='bbox 1040 2304 1069 2354; x_wconf 80' lang='grc'>01</span> <span class='ocrx_word' id='word_1_28' title='bbox 1093 2300 1176 2370; x_wconf 83' lang='lat' dir='ltr'>gloss.</span> <span class='ocrx_word' id='word_1_29' title='bbox 1206 2299 1299 2353; x_wconf 83' lang='lat' dir='ltr'>interl.</span> <span class='ocrx_word' id='word_1_30' title='bbox 1319 2300 1378 2354; x_wconf 86' lang='lat' dir='ltr'>eod.</span> 
     </span>
     <span class='ocr_line' id='line_1_16' title="bbox 234 2386 1378 2457; baseline 0.001 -17"><span class='ocrx_word' id='word_1_31' title='bbox 234 2386 309 2441; x_wconf 86' lang='lat' dir='ltr'>Voss.</span> <span class='ocrx_word' id='word_1_32' title='bbox 329 2405 372 2441; x_wconf 85' lang='lat' dir='ltr'>nr.</span> <span class='ocrx_word' id='word_1_33' title='bbox 388 2389 433 2440; x_wconf 80' lang='lat'>18:</span> <span class='ocrx_word' id='word_1_34' title='bbox 455 2387 613 2442; x_wconf 68' lang='lat' dir='ltr'><strong><em>Porthmeus:</em></strong></span> <span class='ocrx_word' id='word_1_35' title='bbox 632 2393 769 2442; x_wconf 85' lang='lat' dir='ltr'><strong><em>eoromtem</em></strong></span> <span class='ocrx_word' id='word_1_36' title='bbox 779 2387 937 2456; x_wconf 75' lang='lat' dir='ltr'><strong><em>portitorem</em></strong></span> <span class='ocrx_word' id='word_1_37' title='bbox 946 2403 1047 2457; x_wconf 73' lang='grc'>000000.</span> <span class='ocrx_word' id='word_1_38' title='bbox 1068 2416 1100 2426; x_wconf 92' lang='lat'><em>-</em></span> <span class='ocrx_word' id='word_1_39' title='bbox 1111 2387 1231 2442; x_wconf 82' lang='lat' dir='ltr'>Videtur</span> <span class='ocrx_word' id='word_1_40' title='bbox 1242 2386 1378 2441; x_wconf 76' lang='grc'>10701100</span> 
     </span>
     <span class='ocr_line' id='line_1_17' title="bbox 232 2475 1377 2546; baseline 0.001 -18"><span class='ocrx_word' id='word_1_41' title='bbox 232 2475 304 2530; x_wconf 90' lang='lat' dir='ltr'>libro</span> <span class='ocrx_word' id='word_1_42' title='bbox 324 2476 377 2531; x_wconf 87' lang='lat' dir='ltr'>hoo</span> <span class='ocrx_word' id='word_1_43' title='bbox 395 2476 530 2530; x_wconf 85' lang='lat' dir='ltr'>scholium</span> <span class='ocrx_word' id='word_1_44' title='bbox 557 2475 632 2530; x_wconf 78' lang='lat' dir='ltr'>haud</span> <span class='ocrx_word' id='word_1_45' title='bbox 657 2477 749 2530; x_wconf 88' lang='lat' dir='ltr'>minus</span> <span class='ocrx_word' id='word_1_46' title='bbox 776 2480 940 2546; x_wconf 78' lang='lat' dir='ltr'><strong><em>corruptum</em></strong></span> <span class='ocrx_word' id='word_1_47' title='bbox 968 2475 1108 2530; x_wconf 76' lang='lat' dir='ltr'>exstitisse</span> <span class='ocrx_word' id='word_1_48' title='bbox 1138 2493 1221 2545; x_wconf 82' lang='lat' dir='ltr'><strong><em>quem</em></strong></span> <span class='ocrx_word' id='word_1_49' title='bbox 1249 2476 1278 2529; x_wconf 91' lang='lat' dir='ltr'>in</span> <span class='ocrx_word' id='word_1_50' title='bbox 1297 2476 1377 2531; x_wconf 88' lang='lat' dir='ltr'>oodd.</span> 
     </span>
     <span class='ocr_line' id='line_1_18' title="bbox 231 2559 1376 2634; baseline 0.002 -18"><span class='ocrx_word' id='word_1_51' title='bbox 231 2563 319 2617; x_wconf 80' lang='lat' dir='ltr'><strong><em>Mont.</em></strong></span> <span class='ocrx_word' id='word_1_52' title='bbox 340 2568 369 2617; x_wconf 85' lang='grc'>01</span> <span class='ocrx_word' id='word_1_53' title='bbox 394 2563 476 2634; x_wconf 82' lang='lat' dir='ltr'>Seng.</span> <span class='ocrx_word' id='word_1_54' title='bbox 500 2564 545 2617; x_wconf 84' lang='lat' dir='ltr'>Ab</span> <span class='ocrx_word' id='word_1_55' title='bbox 565 2559 625 2633; x_wconf 75' lang='lat' dir='ltr'>ipso</span> <span class='ocrx_word' id='word_1_56' title='bbox 644 2569 739 2620; x_wconf 80' lang='lat' dir='ltr'><strong><em>eutem</em></strong></span> <span class='ocrx_word' id='word_1_57' title='bbox 758 2565 907 2620; x_wconf 77' lang='lat' dir='ltr'>scholiasta</span> <span class='ocrx_word' id='word_1_58' title='bbox 925 2566 967 2619; x_wconf 85' lang='lat' dir='ltr'>ita</span> <span class='ocrx_word' id='word_1_59' title='bbox 985 2564 1044 2619; x_wconf 87' lang='lat' dir='ltr'>fere</span> <span class='ocrx_word' id='word_1_60' title='bbox 1065 2565 1200 2634; x_wconf 77' lang='lat' dir='ltr'>seriptum</span> <span class='ocrx_word' id='word_1_61' title='bbox 1218 2582 1277 2619; x_wconf 85' lang='lat' dir='ltr'>esse</span> <span class='ocrx_word' id='word_1_62' title='bbox 1294 2569 1376 2634; x_wconf 84' lang='lat' dir='ltr'><strong><em>puto:</em></strong></span> 
     </span>
     <span class='ocr_line' id='line_1_19' title="bbox 233 2649 1378 2722; baseline 0.003 -18"><span class='ocrx_word' id='word_1_63' title='bbox 233 2651 388 2706; x_wconf 73' lang='lat' dir='ltr'><strong><em>Porthmos.</em></strong></span> <span class='ocrx_word' id='word_1_64' title='bbox 409 2649 547 2706; x_wconf 80' lang='lat' dir='ltr'><strong><em>Oorouem.</em></strong></span> <span class='ocrx_word' id='word_1_65' title='bbox 563 2653 733 2720; x_wconf 75' lang='lat' dir='ltr'><strong><em>porthmeum</em></strong></span> <span class='ocrx_word' id='word_1_66' title='bbox 752 2653 818 2708; x_wconf 83' lang='lat' dir='ltr'>dicit</span> <span class='ocrx_word' id='word_1_67' title='bbox 846 2653 935 2708; x_wconf 82' lang='lat' dir='ltr'>idest</span> <span class='ocrx_word' id='word_1_68' title='bbox 959 2653 1128 2721; x_wconf 72' lang='lat' dir='ltr'>portitorem,</span> <span class='ocrx_word' id='word_1_69' title='bbox 1153 2669 1209 2706; x_wconf 88' lang='lat' dir='ltr'>mou</span> <span class='ocrx_word' id='word_1_70' title='bbox 1222 2653 1378 2722; x_wconf 74' lang='lat' dir='ltr'><strong><em>postiemum</em></strong></span> 
     </span>
     <span class='ocr_line' id='line_1_20' title="bbox 232 2734 1376 2810; baseline 0.004 -20"><span class='ocrx_word' id='word_1_71' title='bbox 232 2737 261 2791; x_wconf 84' lang='lat' dir='ltr'>iol</span> <span class='ocrx_word' id='word_1_72' title='bbox 279 2744 318 2792; x_wconf 86' lang='lat' dir='ltr'>est</span> <span class='ocrx_word' id='word_1_73' title='bbox 336 2745 484 2809; x_wconf 70' lang='lat' dir='ltr'><strong><em>omoustum</em></strong></span> <span class='ocrx_word' id='word_1_74' title='bbox 502 2740 656 2795; x_wconf 82' lang='lat' dir='ltr'><strong><em>traiectum.</em></strong></span> <span class='ocrx_word' id='word_1_75' title='bbox 675 2735 780 2807; x_wconf 75' lang='lat' dir='ltr'>Quibus</span> <span class='ocrx_word' id='word_1_76' title='bbox 800 2734 892 2796; x_wconf 85' lang='lat' dir='ltr'>verbis</span> <span class='ocrx_word' id='word_1_77' title='bbox 913 2740 985 2795; x_wconf 83' lang='grc'>10100</span> <span class='ocrx_word' id='word_1_78' title='bbox 1005 2741 1184 2810; x_wconf 77' lang='lat' dir='ltr'>antiquorum</span> <span class='ocrx_word' id='word_1_79' title='bbox 1203 2741 1376 2809; x_wconf 81' lang='lat' dir='ltr'><strong><em>quorundam</em></strong></span> 
     </span>
     <span class='ocr_line' id='line_1_21' title="bbox 233 2826 749 2883; baseline 0.008 -5"><span class='ocrx_word' id='word_1_80' title='bbox 233 2826 369 2882; x_wconf 87' lang='lat' dir='ltr'>librorum</span> <span class='ocrx_word' id='word_1_81' title='bbox 387 2828 471 2883; x_wconf 80' lang='lat' dir='ltr'>leotio</span> <span class='ocrx_word' id='word_1_82' title='bbox 492 2826 611 2882; x_wconf 81' lang='lat' dir='ltr'>refutari</span> <span class='ocrx_word' id='word_1_83' title='bbox 628 2828 749 2882; x_wconf 79' lang='lat' dir='ltr'>videtur.</span> 
     </span>
    </p>

    <p class='ocr_par' dir='ltr' id='par_1_9' title="bbox 229 2915 1378 3778">
     <span class='ocr_line' id='line_1_22' title="bbox 334 2915 1378 2984; baseline 0.001 -15"><span class='ocrx_word' id='word_1_84' title='bbox 334 2916 407 2969; x_wconf 86' lang='lat' dir='ltr'>¹Ex</span> <span class='ocrx_word' id='word_1_85' title='bbox 425 2919 487 2970; x_wconf 83' lang='lat' dir='ltr'><strong><em>toto</em></strong></span> <span class='ocrx_word' id='word_1_86' title='bbox 506 2915 559 2972; x_wconf 87' lang='lat' dir='ltr'>hoo</span> <span class='ocrx_word' id='word_1_87' title='bbox 577 2916 692 2979; x_wconf 89' lang='lat' dir='ltr'>soholio,</span> <span class='ocrx_word' id='word_1_88' title='bbox 716 2916 791 2984; x_wconf 87' lang='lat' dir='ltr'><strong><em>quod</em></strong></span> <span class='ocrx_word' id='word_1_89' title='bbox 819 2916 842 2970; x_wconf 87' lang='lat' dir='ltr'>si</span> <span class='ocrx_word' id='word_1_90' title='bbox 870 2916 1021 2972; x_wconf 85' lang='lat' dir='ltr'>invenisset</span> <span class='ocrx_word' id='word_1_91' title='bbox 1041 2919 1070 2971; x_wconf 86' lang='lat' dir='ltr'>in</span> <span class='ocrx_word' id='word_1_92' title='bbox 1088 2917 1160 2972; x_wconf 90' lang='lat' dir='ltr'>libro</span> <span class='ocrx_word' id='word_1_93' title='bbox 1179 2933 1238 2984; x_wconf 88' lang='lat' dir='ltr'>suo,</span> <span class='ocrx_word' id='word_1_94' title='bbox 1267 2916 1378 2970; x_wconf 78' lang='lat' dir='ltr'>Vellem</span> 
     </span>
     <span class='ocr_line' id='line_1_23' title="bbox 233 3003 1378 3072; baseline 0.002 -15"><span class='ocrx_word' id='word_1_95' title='bbox 233 3007 307 3059; x_wconf 81' lang='grc'>00010</span> <span class='ocrx_word' id='word_1_96' title='bbox 327 3004 487 3059; x_wconf 73' lang='lat' dir='ltr'>adlaturum</span> <span class='ocrx_word' id='word_1_97' title='bbox 507 3003 593 3059; x_wconf 85' lang='lat' dir='ltr'>fuisse</span> <span class='ocrx_word' id='word_1_98' title='bbox 611 3021 718 3072; x_wconf 87' lang='lat' dir='ltr'>censeo,</span> <span class='ocrx_word' id='word_1_99' title='bbox 746 3005 819 3058; x_wconf 90' lang='lat' dir='ltr'>nihil</span> <span class='ocrx_word' id='word_1_100' title='bbox 849 3009 941 3060; x_wconf 80' lang='lat' dir='ltr'>exstet</span> <span class='ocrx_word' id='word_1_101' title='bbox 958 3007 988 3059; x_wconf 89' lang='lat' dir='ltr'>in</span> <span class='ocrx_word' id='word_1_102' title='bbox 1015 3006 1073 3060; x_wconf 84' lang='lat' dir='ltr'>sius</span> <span class='ocrx_word' id='word_1_103' title='bbox 1101 3004 1300 3060; x_wconf 78' lang='lat' dir='ltr'>commentario</span> <span class='ocrx_word' id='word_1_104' title='bbox 1325 3005 1378 3059; x_wconf 88' lang='lat' dir='ltr'>nisi</span> 
     </span>
     <span class='ocr_line' id='line_1_24' title="bbox 232 3092 1376 3163; baseline 0 -18"><span class='ocrx_word' id='word_1_105' title='bbox 232 3092 294 3148; x_wconf 88' lang='lat' dir='ltr'>hoo:</span> <span class='ocrx_word' id='word_1_106' title='bbox 321 3092 453 3162; x_wconf 59' lang='lat' dir='ltr'>Porrigat</span> <span class='ocrx_word' id='word_1_107' title='bbox 471 3108 516 3148; x_wconf 78' lang='lat' dir='ltr'>ore</span> <span class='ocrx_word' id='word_1_108' title='bbox 533 3092 663 3148; x_wconf 76' lang='lat' dir='ltr'><strong><em>trientem.</em></strong></span> <span class='ocrx_word' id='word_1_109' title='bbox 684 3093 728 3149; x_wconf 86' lang='lat' dir='ltr'>lu&#39;e</span> <span class='ocrx_word' id='word_1_110' title='bbox 748 3093 825 3148; x_wconf 84' lang='lat' dir='ltr'>uumi</span> <span class='ocrx_word' id='word_1_111' title='bbox 839 3094 950 3162; x_wconf 78' lang='lat' dir='ltr'>speeiem</span> <span class='ocrx_word' id='word_1_112' title='bbox 971 3133 977 3146; x_wconf 92' lang='lat'><em>.</em></span> <span class='ocrx_word' id='word_1_113' title='bbox 993 3135 999 3147; x_wconf 92' lang='lat'><em>.</em></span> <span class='ocrx_word' id='word_1_114' title='bbox 1014 3134 1019 3147; x_wconf 94' lang='lat'><em>.</em></span> <span class='ocrx_word' id='word_1_115' title='bbox 1034 3136 1040 3148; x_wconf 93' lang='lat'>.</span> <span class='ocrx_word' id='word_1_116' title='bbox 1055 3094 1099 3163; x_wconf 87' lang='grc'>(1),</span> <span class='ocrx_word' id='word_1_117' title='bbox 1119 3098 1147 3148; x_wconf 83' lang='lat' dir='ltr'>et</span> <span class='ocrx_word' id='word_1_118' title='bbox 1165 3092 1283 3163; x_wconf 86' lang='lat' dir='ltr'>Vergilii</span> <span class='ocrx_word' id='word_1_119' title='bbox 1299 3092 1376 3146; x_wconf 84' lang='lat' dir='ltr'>loeus</span> 
     </span>
     <span class='ocr_line' id='line_1_25' title="bbox 232 3179 1377 3252; baseline 0.001 -19"><span class='ocrx_word' id='word_1_120' title='bbox 232 3183 308 3244; x_wconf 87' lang='lat' dir='ltr'>(Aen.</span> <span class='ocrx_word' id='word_1_121' title='bbox 327 3179 447 3248; x_wconf 78' lang='lat' dir='ltr'>v1325)</span> <span class='ocrx_word' id='word_1_122' title='bbox 467 3180 545 3249; x_wconf 86' lang='lat' dir='ltr'>isque</span> <span class='ocrx_word' id='word_1_123' title='bbox 563 3199 620 3235; x_wconf 89' lang='lat' dir='ltr'>non</span> <span class='ocrx_word' id='word_1_124' title='bbox 638 3181 756 3252; x_wconf 85' lang='lat' dir='ltr'>integer,</span> <span class='ocrx_word' id='word_1_125' title='bbox 776 3181 855 3236; x_wconf 80' lang='lat' dir='ltr'>utin</span> <span class='ocrx_word' id='word_1_126' title='bbox 875 3181 954 3236; x_wconf 86' lang='lat' dir='ltr'><strong><em>codd.</em></strong></span> <span class='ocrx_word' id='word_1_127' title='bbox 974 3181 1061 3236; x_wconf 84' lang='grc'>111001.</span> <span class='ocrx_word' id='word_1_128' title='bbox 1081 3185 1110 3235; x_wconf 85' lang='grc'>01</span> <span class='ocrx_word' id='word_1_129' title='bbox 1128 3179 1222 3250; x_wconf 56' lang='grc'>8000,</span> <span class='ocrx_word' id='word_1_130' title='bbox 1241 3180 1290 3234; x_wconf 82' lang='grc'>0001</span> <span class='ocrx_word' id='word_1_131' title='bbox 1308 3180 1377 3234; x_wconf 82' lang='lat' dir='ltr'>haec</span> 
     </span>
     <span class='ocr_line' id='line_1_26' title="bbox 231 3267 1376 3338; baseline 0.001 -17"><span class='ocrx_word' id='word_1_132' title='bbox 231 3268 289 3322; x_wconf 85' lang='grc'>0010</span> <span class='ocrx_word' id='word_1_133' title='bbox 307 3269 405 3323; x_wconf 84' lang='lat' dir='ltr'>verba:</span> <span class='ocrx_word' id='word_1_134' title='bbox 430 3267 513 3338; x_wconf 72' lang='lat' dir='ltr'>Viryi.</span> <span class='ocrx_word' id='word_1_135' title='bbox 532 3269 612 3338; x_wconf 79' lang='lat' dir='ltr'>inops</span> <span class='ocrx_word' id='word_1_136' title='bbox 632 3270 828 3338; x_wconf 75' lang='lat' dir='ltr'><strong><em>inhumataque</em></strong></span> <span class='ocrx_word' id='word_1_137' title='bbox 846 3272 937 3326; x_wconf 82' lang='lat' dir='ltr'><strong><em>turbo.</em></strong></span> <span class='ocrx_word' id='word_1_138' title='bbox 956 3270 1052 3324; x_wconf 79' lang='lat' dir='ltr'>Adicit</span> <span class='ocrx_word' id='word_1_139' title='bbox 1069 3285 1137 3324; x_wconf 80' lang='lat' dir='ltr'>vero</span> <span class='ocrx_word' id='word_1_140' title='bbox 1156 3267 1246 3336; x_wconf 77' lang='lat' dir='ltr'>Valle,</span> <span class='ocrx_word' id='word_1_141' title='bbox 1270 3286 1341 3337; x_wconf 81' lang='lat' dir='ltr'>quse</span> <span class='ocrx_word' id='word_1_142' title='bbox 1360 3287 1376 3322; x_wconf 92' lang='grc'>0</span> 
     </span>
     <span class='ocr_line' id='line_1_27' title="bbox 232 3355 1376 3427; baseline 0.001 -18"><span class='ocrx_word' id='word_1_143' title='bbox 232 3357 291 3410; x_wconf 90' lang='grc'>1000</span> <span class='ocrx_word' id='word_1_144' title='bbox 311 3357 491 3411; x_wconf 76' lang='grc' dir='ltr'>100000110οο</span> <span class='ocrx_word' id='word_1_145' title='bbox 511 3358 594 3427; x_wconf 82' lang='lat' dir='ltr'>plens</span> <span class='ocrx_word' id='word_1_146' title='bbox 614 3358 706 3412; x_wconf 83' lang='lat' dir='ltr'>elieno</span> <span class='ocrx_word' id='word_1_147' title='bbox 729 3358 797 3412; x_wconf 83' lang='lat' dir='ltr'>sint:</span> <span class='ocrx_word' id='word_1_148' title='bbox 824 3359 873 3413; x_wconf 82' lang='grc'>100</span> <span class='ocrx_word' id='word_1_149' title='bbox 902 3363 989 3414; x_wconf 88' lang='lat' dir='ltr'><strong><em>autem</em></strong></span> <span class='ocrx_word' id='word_1_150' title='bbox 1017 3357 1049 3411; x_wconf 84' lang='grc'>010</span> <span class='ocrx_word' id='word_1_151' title='bbox 1067 3355 1254 3424; x_wconf 74' lang='lat' dir='ltr'>aristophanis</span> <span class='ocrx_word' id='word_1_152' title='bbox 1280 3356 1376 3422; x_wconf 74' lang='lat' dir='ltr'><strong><em>sabulo</em></strong></span> 
     </span>
     <span class='ocr_line' id='line_1_28' title="bbox 230 3440 1376 3516; baseline -0.002 -18"><span class='ocrx_word' id='word_1_153' title='bbox 230 3450 368 3514; x_wconf 78' lang='lat' dir='ltr'><strong><em>sumptum</em></strong></span> <span class='ocrx_word' id='word_1_154' title='bbox 380 3450 419 3500; x_wconf 81' lang='lat' dir='ltr'>est</span> <span class='ocrx_word' id='word_1_155' title='bbox 433 3446 481 3514; x_wconf 77' lang='lat' dir='ltr'>qui</span> <span class='ocrx_word' id='word_1_156' title='bbox 499 3445 531 3500; x_wconf 82' lang='lat' dir='ltr'>iu</span> <span class='ocrx_word' id='word_1_157' title='bbox 549 3445 684 3502; x_wconf 74' lang='lat' dir='ltr'>comoedia</span> <span class='ocrx_word' id='word_1_158' title='bbox 701 3463 784 3514; x_wconf 75' lang='lat' dir='ltr'><strong><em>quom</em></strong></span> <span class='ocrx_word' id='word_1_159' title='bbox 796 3445 921 3500; x_wconf 73' lang='lat' dir='ltr'>interibit</span> <span class='ocrx_word' id='word_1_160' title='bbox 935 3440 1072 3516; x_wconf 71' lang='grc' dir='ltr'>βάτραχοι.</span> <span class='ocrx_word' id='word_1_161' title='bbox 1093 3443 1200 3498; x_wconf 74' lang='grc'>10010011</span> <span class='ocrx_word' id='word_1_162' title='bbox 1210 3443 1376 3514; x_wconf 72' lang='lat' dir='ltr'>Dionysium</span> 
     </span>
     <span class='ocr_line' id='line_1_29' title="bbox 229 3531 1375 3602; baseline 0.002 -18"><span class='ocrx_word' id='word_1_163' title='bbox 229 3532 343 3600; x_wconf 67' lang='lat' dir='ltr'>(lumime</span> <span class='ocrx_word' id='word_1_164' title='bbox 370 3532 472 3599; x_wconf 67' lang='lat' dir='ltr'>inserui</span> <span class='ocrx_word' id='word_1_165' title='bbox 499 3534 624 3589; x_wconf 82' lang='lat' dir='ltr'>traiicere</span> <span class='ocrx_word' id='word_1_166' title='bbox 652 3534 780 3589; x_wconf 82' lang='lat' dir='ltr'><strong><em>volentem</em></strong></span> <span class='ocrx_word' id='word_1_167' title='bbox 807 3550 866 3588; x_wconf 88' lang='lat' dir='ltr'>eum</span> <span class='ocrx_word' id='word_1_168' title='bbox 896 3539 1001 3588; x_wconf 87' lang='lat' dir='ltr'><strong><em>mortuo</em></strong></span> <span class='ocrx_word' id='word_1_169' title='bbox 1029 3533 1060 3586; x_wconf 87' lang='grc'>010</span> <span class='ocrx_word' id='word_1_170' title='bbox 1087 3533 1180 3602; x_wconf 80' lang='lat' dir='ltr'>precio</span> <span class='ocrx_word' id='word_1_171' title='bbox 1209 3531 1314 3600; x_wconf 79' lang='lat' dir='ltr'>poeisei</span> <span class='ocrx_word' id='word_1_172' title='bbox 1331 3531 1375 3586; x_wconf 86' lang='lat' dir='ltr'>lu&#39;s</span> 
     </span>
     <span class='ocr_line' id='line_1_30' title="bbox 229 3599 1376 3691; baseline 0 -17"><span class='ocrx_word' id='word_1_173' title='bbox 229 3619 314 3674; x_wconf 84' lang='lat' dir='ltr'>uerbis</span> <span class='ocrx_word' id='word_1_174' title='bbox 334 3659 447 3675; x_wconf 91' lang='grc'><strong>.....</strong></span> <span class='ocrx_word' id='word_1_175' title='bbox 468 3621 549 3685; x_wconf 79' lang='grc'>(1100.</span> <span class='ocrx_word' id='word_1_176' title='bbox 571 3624 621 3675; x_wconf 85' lang='grc'>177</span> <span class='ocrx_word' id='word_1_177' title='bbox 640 3622 722 3691; x_wconf 88' lang='lat' dir='ltr'>sqq.).</span> <span class='ocrx_word' id='word_1_178' title='bbox 755 3622 834 3678; x_wconf 83' lang='lat' dir='ltr'>Unde</span> <span class='ocrx_word' id='word_1_179' title='bbox 862 3599 982 3676; x_wconf 72' lang='lat' dir='ltr'>conicias</span> <span class='ocrx_word' id='word_1_180' title='bbox 1007 3620 1106 3674; x_wconf 81' lang='lat' dir='ltr'>scholii</span> <span class='ocrx_word' id='word_1_181' title='bbox 1127 3619 1275 3676; x_wconf 82' lang='lat' dir='ltr'>Pithoesni</span> <span class='ocrx_word' id='word_1_182' title='bbox 1292 3625 1376 3675; x_wconf 86' lang='lat' dir='ltr'><strong><em>tenue</em></strong></span> 
     </span>
     <span class='ocr_line' id='line_1_31' title="bbox 230 3709 1010 3778; baseline 0 -16"><span class='ocrx_word' id='word_1_183' title='bbox 230 3711 341 3762; x_wconf 79' lang='grc'>1001000</span> <span class='ocrx_word' id='word_1_184' title='bbox 359 3713 520 3778; x_wconf 79' lang='lat' dir='ltr'>exosrptum</span> <span class='ocrx_word' id='word_1_185' title='bbox 538 3710 568 3763; x_wconf 91' lang='lat' dir='ltr'>in</span> <span class='ocrx_word' id='word_1_186' title='bbox 587 3710 659 3766; x_wconf 89' lang='lat' dir='ltr'>libro</span> <span class='ocrx_word' id='word_1_187' title='bbox 681 3710 778 3764; x_wconf 80' lang='lat' dir='ltr'>Vallae</span> <span class='ocrx_word' id='word_1_188' title='bbox 796 3711 900 3764; x_wconf 80' lang='lat' dir='ltr'>leolum</span> <span class='ocrx_word' id='word_1_189' title='bbox 918 3709 1010 3763; x_wconf 80' lang='lat' dir='ltr'>fuisso.</span> 
     </span>
    </p>

    <p class='ocr_par' dir='ltr' id='par_1_10' title="bbox 229 3794 1376 3940">
     <span class='ocr_line' id='line_1_32' title="bbox 331 3794 1376 3867; baseline 0.003 -18"><span class='ocrx_word' id='word_1_190' title='bbox 331 3794 452 3851; x_wconf 76' lang='lat' dir='ltr'>²Velle:</span> <span class='ocrx_word' id='word_1_191' title='bbox 481 3796 560 3867; x_wconf 75' lang='lat' dir='ltr'><strong><em>Quod</em></strong></span> <span class='ocrx_word' id='word_1_192' title='bbox 582 3797 704 3867; x_wconf 78' lang='lat' dir='ltr'>spatium</span> <span class='ocrx_word' id='word_1_193' title='bbox 722 3798 798 3853; x_wconf 83' lang='lat' dir='ltr'>testis</span> <span class='ocrx_word' id='word_1_194' title='bbox 822 3797 988 3852; x_wconf 67' lang='lat' dir='ltr'>sublimibus.</span> <span class='ocrx_word' id='word_1_195' title='bbox 1009 3796 1038 3850; x_wconf 78' lang='lat' dir='ltr'>id</span> <span class='ocrx_word' id='word_1_196' title='bbox 1056 3800 1095 3852; x_wconf 80' lang='lat' dir='ltr'>est</span> <span class='ocrx_word' id='word_1_197' title='bbox 1116 3801 1247 3866; x_wconf 76' lang='lat' dir='ltr'><strong><em>quamtum</em></strong></span> <span class='ocrx_word' id='word_1_198' title='bbox 1265 3801 1376 3852; x_wconf 83' lang='lat' dir='ltr'><strong><em>emwtoe</em></strong></span> 
     </span>
     <span class='ocr_line' id='line_1_33' title="bbox 229 3883 581 3940; baseline 0.006 -2"><span class='ocrx_word' id='word_1_199' title='bbox 229 3889 293 3938; x_wconf 88' lang='lat' dir='ltr'>suut</span> <span class='ocrx_word' id='word_1_200' title='bbox 310 3883 417 3940; x_wconf 83' lang='lat' dir='ltr'>iusuloe</span> <span class='ocrx_word' id='word_1_201' title='bbox 437 3923 581 3940; x_wconf 88' lang='grc'><strong>......</strong></span> 
     </span>
    </p>

    <p class='ocr_par' dir='ltr' id='par_1_11' title="bbox 228 3971 1377 4204">
     <span class='ocr_line' id='line_1_34' title="bbox 330 3971 1377 4042; baseline 0.002 -16"><span class='ocrx_word' id='word_1_202' title='bbox 330 3972 341 4003; x_wconf 82' lang='lat'><strong>³</strong></span> <span class='ocrx_word' id='word_1_203' title='bbox 361 3971 454 4026; x_wconf 81' lang='lat' dir='ltr'>Vella:</span> <span class='ocrx_word' id='word_1_204' title='bbox 491 3973 613 4028; x_wconf 80' lang='lat' dir='ltr'>Rimoeo.</span> <span class='ocrx_word' id='word_1_205' title='bbox 638 3973 738 4042; x_wconf 78' lang='lat' dir='ltr'><strong><em>(recto.</em></strong></span> <span class='ocrx_word' id='word_1_206' title='bbox 763 3973 855 4028; x_wconf 75' lang='lat' dir='ltr'><strong><em>Gustu.</em></strong></span> <span class='ocrx_word' id='word_1_207' title='bbox 872 3971 1013 4027; x_wconf 80' lang='lat' dir='ltr'>mutilloto</span> <span class='ocrx_word' id='word_1_208' title='bbox 1030 3976 1140 4027; x_wconf 84' lang='lat' dir='ltr'><strong><em>eurtoto</em></strong></span> <span class='ocrx_word' id='word_1_209' title='bbox 1156 3973 1216 4028; x_wconf 81' lang='lat' dir='ltr'>sime</span> <span class='ocrx_word' id='word_1_210' title='bbox 1231 3971 1320 4038; x_wconf 76' lang='lat' dir='ltr'><strong><em>fundo</em></strong></span> <span class='ocrx_word' id='word_1_211' title='bbox 1337 3974 1377 4028; x_wconf 86' lang='grc'>001</span> 
     </span>
     <span class='ocr_line' id='line_1_35' title="bbox 229 4057 1374 4130; baseline 0.004 -18"><span class='ocrx_word' id='word_1_212' title='bbox 229 4057 288 4112; x_wconf 84' lang='lat' dir='ltr'>siue</span> <span class='ocrx_word' id='word_1_213' title='bbox 305 4074 383 4112; x_wconf 81' lang='lat' dir='ltr'><strong><em>auso.</em></strong></span> <span class='ocrx_word' id='word_1_214' title='bbox 404 4059 443 4112; x_wconf 86' lang='lat' dir='ltr'>Cl.</span> <span class='ocrx_word' id='word_1_215' title='bbox 463 4060 568 4130; x_wconf 77' lang='lat' dir='ltr'>glossas</span> <span class='ocrx_word' id='word_1_216' title='bbox 587 4061 780 4116; x_wconf 82' lang='lat' dir='ltr'>interlineares</span> <span class='ocrx_word' id='word_1_217' title='bbox 798 4060 858 4115; x_wconf 89' lang='lat' dir='ltr'>ood.</span> <span class='ocrx_word' id='word_1_218' title='bbox 877 4060 954 4114; x_wconf 89' lang='lat' dir='ltr'>Voss.</span> <span class='ocrx_word' id='word_1_219' title='bbox 975 4077 1016 4114; x_wconf 87' lang='lat' dir='ltr'>nr.</span> <span class='ocrx_word' id='word_1_220' title='bbox 1032 4061 1074 4114; x_wconf 83' lang='lat'>18:</span> <span class='ocrx_word' id='word_1_221' title='bbox 1092 4061 1210 4116; x_wconf 83' lang='lat' dir='ltr'>rimoso:</span> <span class='ocrx_word' id='word_1_222' title='bbox 1227 4062 1329 4129; x_wconf 75' lang='lat' dir='ltr'><strong><em>fracto.</em></strong></span> <span class='ocrx_word' id='word_1_223' title='bbox 1340 4090 1374 4102; x_wconf 95' lang='lat'><em>-</em></span> 
     </span>
     <span class='ocr_line' id='line_1_36' title="bbox 228 4146 726 4204; baseline 0.008 -4"><span class='ocrx_word' id='word_1_224' title='bbox 228 4150 320 4200; x_wconf 81' lang='lat' dir='ltr'><strong><em>curto:</em></strong></span> <span class='ocrx_word' id='word_1_225' title='bbox 340 4146 465 4202; x_wconf 83' lang='lat' dir='ltr'>mutilato</span> <span class='ocrx_word' id='word_1_226' title='bbox 482 4149 573 4202; x_wconf 82' lang='lat' dir='ltr'>mimus</span> <span class='ocrx_word' id='word_1_227' title='bbox 592 4149 726 4204; x_wconf 79' lang='lat' dir='ltr'><strong><em>habentia.</em></strong></span> 
     </span>
    </p>

    <p class='ocr_par' dir='ltr' id='par_1_12' title="bbox 230 4233 1375 4379">
     <span class='ocr_line' id='line_1_37' title="bbox 332 4233 1375 4306; baseline 0.002 -18"><span class='ocrx_word' id='word_1_228' title='bbox 332 4237 342 4266; x_wconf 87' lang='lat'><strong>⁴</strong></span> <span class='ocrx_word' id='word_1_229' title='bbox 361 4233 453 4289; x_wconf 82' lang='lat' dir='ltr'>Velle:</span> <span class='ocrx_word' id='word_1_230' title='bbox 473 4234 635 4303; x_wconf 77' lang='lat' dir='ltr'><strong><em>Diffundere</em></strong></span> <span class='ocrx_word' id='word_1_231' title='bbox 650 4239 745 4306; x_wconf 73' lang='lat' dir='ltr'>pelves.</span> <span class='ocrx_word' id='word_1_232' title='bbox 765 4251 833 4292; x_wconf 86' lang='lat' dir='ltr'>ooso</span> <span class='ocrx_word' id='word_1_233' title='bbox 845 4234 950 4302; x_wconf 76' lang='lat' dir='ltr'>fictitio.</span> <span class='ocrx_word' id='word_1_234' title='bbox 961 4236 1048 4306; x_wconf 79' lang='lat' dir='ltr'>peleos</span> <span class='ocrx_word' id='word_1_235' title='bbox 1065 4241 1153 4292; x_wconf 89' lang='lat' dir='ltr'><strong><em>tomeu</em></strong></span> <span class='ocrx_word' id='word_1_236' title='bbox 1169 4242 1234 4291; x_wconf 86' lang='lat' dir='ltr'>suut</span> <span class='ocrx_word' id='word_1_237' title='bbox 1243 4236 1289 4290; x_wconf 84' lang='lat' dir='ltr'>ubi</span> <span class='ocrx_word' id='word_1_238' title='bbox 1295 4237 1375 4306; x_wconf 75' lang='lat' dir='ltr'>pedes</span> 
     </span>
     <span class='ocr_line' id='line_1_38' title="bbox 230 4320 681 4379; baseline 0.007 -4"><span class='ocrx_word' id='word_1_239' title='bbox 230 4320 322 4376; x_wconf 82' lang='grc'>100000</span> <span class='ocrx_word' id='word_1_240' title='bbox 340 4323 522 4379; x_wconf 78' lang='lat' dir='ltr'>consuevimus</span> <span class='ocrx_word' id='word_1_241' title='bbox 541 4363 681 4378; x_wconf 91' lang='grc'>......</span> 
     </span>
    </p>

    <p class='ocr_par' dir='ltr' id='par_1_13' title="bbox 231 4409 1376 4571">
     <span class='ocr_line' id='line_1_39' title="bbox 330 4409 1376 4482; baseline 0.002 -18"><span class='ocrx_word' id='word_1_242' title='bbox 330 4410 341 4440; x_wconf 77' lang='lat'>⁵</span> <span class='ocrx_word' id='word_1_243' title='bbox 359 4409 454 4465; x_wconf 80' lang='lat' dir='ltr'>Valle:</span> <span class='ocrx_word' id='word_1_244' title='bbox 473 4410 553 4468; x_wconf 82' lang='lat' dir='ltr'>Osset</span> <span class='ocrx_word' id='word_1_245' title='bbox 565 4443 596 4452; x_wconf 94' lang='lat'>—</span> <span class='ocrx_word' id='word_1_246' title='bbox 607 4413 695 4468; x_wconf 79' lang='lat' dir='ltr'><strong><em>lama.</em></strong></span> <span class='ocrx_word' id='word_1_247' title='bbox 713 4411 743 4466; x_wconf 75' lang='lat' dir='ltr'><strong><em>u</em></strong></span> <span class='ocrx_word' id='word_1_248' title='bbox 755 4417 794 4468; x_wconf 84' lang='lat' dir='ltr'>est</span> <span class='ocrx_word' id='word_1_249' title='bbox 804 4427 958 4481; x_wconf 81' lang='lat' dir='ltr'><strong><em>purpureo:</em></strong></span> <span class='ocrx_word' id='word_1_250' title='bbox 971 4412 1009 4468; x_wconf 81' lang='grc'>010</span> <span class='ocrx_word' id='word_1_251' title='bbox 1025 4412 1112 4482; x_wconf 74' lang='lat' dir='ltr'>Viroi.</span> <span class='ocrx_word' id='word_1_252' title='bbox 1125 4411 1250 4482; x_wconf 73' lang='lat' dir='ltr'>tyrioque</span> <span class='ocrx_word' id='word_1_253' title='bbox 1262 4411 1376 4466; x_wconf 79' lang='lat' dir='ltr'><strong><em>audebat</em></strong></span> 
     </span>
     <span class='ocr_line' id='line_1_40' title="bbox 231 4496 1374 4571; baseline 0.001 -19"><span class='ocrx_word' id='word_1_254' title='bbox 231 4496 329 4552; x_wconf 73' lang='lat' dir='ltr'>metrice</span> <span class='ocrx_word' id='word_1_255' title='bbox 347 4499 434 4554; x_wconf 81' lang='lat' dir='ltr'>loeus.</span> <span class='ocrx_word' id='word_1_256' title='bbox 454 4501 524 4567; x_wconf 75' lang='lat' dir='ltr'><strong><em>quot</em></strong></span> <span class='ocrx_word' id='word_1_257' title='bbox 544 4501 637 4570; x_wconf 74' lang='grc'>900001</span> <span class='ocrx_word' id='word_1_258' title='bbox 655 4517 760 4556; x_wconf 86' lang='lat' dir='ltr'><strong><em>eoeoum</em></strong></span> <span class='ocrx_word' id='word_1_259' title='bbox 778 4501 863 4555; x_wconf 84' lang='lat' dir='ltr'>lutiui</span> <span class='ocrx_word' id='word_1_260' title='bbox 882 4506 950 4556; x_wconf 86' lang='lat' dir='ltr'><strong><em>teres</em></strong></span> <span class='ocrx_word' id='word_1_261' title='bbox 975 4502 1040 4570; x_wconf 82' lang='lat' dir='ltr'>(leg.</span> <span class='ocrx_word' id='word_1_262' title='bbox 1058 4501 1165 4568; x_wconf 83' lang='lat' dir='ltr'>veteres)</span> <span class='ocrx_word' id='word_1_263' title='bbox 1190 4501 1286 4570; x_wconf 79' lang='lat' dir='ltr'><strong><em>tyrum</em></strong></span> <span class='ocrx_word' id='word_1_264' title='bbox 1309 4500 1374 4571; x_wconf 80' lang='lat' dir='ltr'>(leg.</span> 
     </span>
    </p>
   </div>
   <div class='ocr_carea' id='block_1_9' title="bbox 1411 2538 1428 2570">
    <p class='ocr_par' dir='ltr' id='par_1_14' title="bbox 1411 2538 1428 2570">
     <span class='ocr_line' id='line_1_41' title="bbox 1411 2538 1428 2570; baseline 0 0"><span class='ocrx_word' id='word_1_265' title='bbox 1411 2538 1428 2570; x_wconf 76' lang='grc' dir='ltr'><em>Ι</em></span> 
     </span>
    </p>
   </div>
   <div class='ocr_carea' id='block_1_10' title="bbox 0 0 1622 5038">
    <p class='ocr_par' dir='ltr' id='par_1_15' title="bbox 0 0 1622 5038">
     <span class='ocr_line' id='line_1_42' title="bbox 0 0 1622 5038; baseline 0 1"><span class='ocrx_word' id='word_1_266' title='bbox 0 0 1622 5038; x_wconf 95' lang='lat' dir='ltr'> </span> 
     </span>
    </p>
   </div>
  </div>
 </body>
</html>
