3234 5038
855 355 890 409 bo

825 631 884 690 198
896 630 905 670 ¹

544 733 603 791 199
615 737 725 791 utrum·

543 852 600 910 que
612 829 727 892 sohol.²

536 930 615 990 200⁸

398 2261 407 2292 ¹
426 2260 520 2315 Vallo:
540 2262 601 2316 Ian
618 2261 721 2330 friuola
740 2262 880 2331 transfert.
899 2264 1086 2334 supetieotubem
1104 2264 1235 2335 pauperis
1246 2263 1351 2320 tntum
1364 2265 1442 2320 ouius

295 2345 374 2400 ardet
393 2347 496 2403 mnus.

397 2435 517 2492 ²Volls:
544 2437 683 2509 aniepon.
711 2439 807 2494 allusit
835 2439 872 2494 oui
899 2440 975 2494 atiud
1000 2441 1197 2510 Virputianun:
1217 2441 1275 2495 iam
1297 2441 1441 2512 promimus

295 2524 372 2579 ardet
396 2524 528 2596 Uootepon
530 2566 694 2581 .......
714 2526 851 2581 Tabulata
869 2527 925 2581 ribi.
943 2527 1088 2598 superiora
1106 2533 1183 2585 torta.
1203 2534 1252 2584 unt
1270 2534 1339 2584 oerte
1356 2527 1438 2583 couti-

292 2612 434 2682 pnationes
451 2613 604 2682 superiores
621 2613 689 2668 dieii
707 2617 759 2668 eto.
1243 2678 1245 2682 ι

395 2702 406 2735 ³
425 2701 518 2756 Valla:
541 2701 614 2756 Nam
631 2703 656 2757 si
672 2703 802 2773 praebibus
820 2703 977 2772 trepidatur
994 2705 1028 2759 ab
1046 2705 1118 2760 imis.
1143 2706 1170 2759 si
1188 2723 1205 2759 a
1221 2705 1322 2774 primis
1340 2704 1439 2760 sabulis

294 2789 369 2858 ipnis
388 2795 519 2859 evaporet.
549 2821 581 2831 -
610 2792 643 2845 In
662 2793 745 2846 sohol.
763 2793 837 2846 Pith.
857 2811 919 2847 oum
939 2793 1082 2864 Sohopsno
1101 2794 1248 2864 legendum
1268 2797 1322 2847 est:
1345 2793 1378 2847 id
1401 2797 1439 2846 est

293 2878 319 2932 si
337 2893 356 2931 a
371 2878 534 2946 primasio.

394 2965 518 3020 *anlm
544 2965 661 3021 Ultimae
679 2998 712 3007 —
731 2973 829 3024 tuetur.
848 2969 914 3038 quia
933 2969 1023 3037 inquit
1043 2969 1151 3024 Probus
1166 2970 1285 3039 parietes
1299 2969 1367 3024 tenti
1380 2968 1439 3025 ruri

293 3056 319 3106 et
336 3051 443 3106 nannet
459 3054 584 3121 perflant.
616 3054 683 3109 Cum
702 3056 845 3126 Sohopsno
865 3055 894 3124 (l.
914 3073 937 3112 o.
956 3074 983 3126 p.
997 3057 1061 3126 357)
1081 3074 1132 3126 pro
1151 3053 1249 3112 ‘texti’
1269 3053 1370 3124 ‘teoti’,
1388 3073 1437 3126 pro

266 3139 269 3146 '
292 3136 430 3209 ‘perfiant’
451 3138 457 3156 ¹
461 3139 621 3210 perpiuuut‘
642 3144 799 3214 legendum.

394 3229 405 3259 ⁶
425 3228 514 3283 Vella:
537 3229 661 3285 Proouio.
676 3232 757 3299 parri
775 3232 897 3300 eorporis
915 3232 1010 3288 mulier
1028 3238 1054 3287 et
1074 3249 1151 3287 nana
1161 3232 1226 3299 suit.
1246 3232 1358 3302 quietam
1370 3232 1438 3286 bono

293 3315 408 3371 umbem
426 3316 502 3373 raeiri
520 3333 630 3374 uuoran
648 3319 733 3386 fuisse
750 3320 836 3374 aiunt.
874 3320 914 3374 Cf.
935 3321 1019 3376 sohol.
1038 3321 1099 3376 aod.
1118 3321 1195 3375 Voss.
1213 3338 1256 3374 nr.
1273 3323 1318 3374 18:
1338 3320 1437 3374 Oooiro:

294 3404 401 3460 Ooeirus
419 3411 503 3474 poeta
526 3423 618 3463 nauus
636 3413 662 3462 et
679 3423 749 3463 naor
767 3410 825 3464 eins
840 3410 955 3480 praeuia
974 3426 1050 3465 nana
1067 3409 1192 3465 simniter
1210 3409 1258 3464 sort
1276 3409 1335 3479 ipse
1352 3409 1439 3462 minor

293 3498 352 3548 orat
369 3507 452 3549 uuore
470 3533 499 3548 ..
522 3534 529 3548 .
549 3534 555 3548 .
577 3537 583 3549 .
758 3501 763 3508 '

394 3587 405 3619 ⁶
423 3585 516 3640 Vallo:
538 3584 733 3640 Ornamentum
751 3585 836 3640 abaci.
861 3601 947 3656 penus
964 3587 1020 3654 fnit
1037 3586 1127 3656 inquit
1146 3587 1252 3641 Probus
1269 3584 1438 3654 supellectilis

291 3687 344 3742 pro
364 3672 415 3739 (sio
433 3674 518 3743 ipsius
541 3673 637 3729 Valles
655 3673 755 3743 editio)
772 3689 845 3728 nuno
862 3690 982 3728 mensam
1000 3673 1150 3744 deipbioum
1169 3674 1292 3730 dioimns.
1311 3671 1351 3727 sio
1369 3671 1437 3727 euin

292 3765 392 3816 oneres
410 3777 529 3816 neonsam
547 3777 724 3817 marmoream
741 3763 912 3817 nominavere
930 3766 980 3816 eto.
1000 3761 1070 3817 Sans
1089 3762 1119 3816 in
1137 3761 1259 3816 editions
1279 3759 1437 3815 Norimber-

283 3845 371 3927 ¹gensi
390 3850 452 3919 (per
470 3852 504 3904 A.
523 3850 669 3920 Kobsrger
687 3850 786 3906 emissa
805 3869 828 3904 o.
851 3851 928 3918 1497)
946 3851 1061 3921 legitur:
1078 3866 1132 3921 pro
1151 3865 1203 3918 quo
1221 3863 1294 3902 nuno
1312 3850 1365 3902 oto.

392 3941 401 3972 ⁷
423 3937 513 3992 Schol.
533 3937 607 3992 Pith.
627 3938 663 3992 ud
680 3938 707 3992 h.
727 3957 753 3993 v.
773 3939 892 3992 ultorum
911 3939 952 3994 iba
970 3939 1146 3994 seribendum
1165 3955 1223 3992 osse
1241 3937 1366 3990 videtur:
1386 3933 1436 3988 ne-

293 4025 394 4080 eubaus
414 4025 515 4081 abiron.
534 4026 565 4081 id
582 4031 622 4082 ast
639 4043 658 4081 a
674 4027 824 4096 posteriore
839 4032 919 4096 parte
936 4028 1089 4082 reouuebens
1107 4027 1345 4096 hippocentaurus.

392 4115 403 4148 ⁸
421 4113 502 4168 anls
534 4114 585 4169 Nil
607 4114 701 4170 babuit
724 4115 831 4171 corebus.
860 4115 1077 4186 anthypophora.
1115 4115 1155 4170 cf.
1175 4114 1260 4170 schol.
1280 4112 1340 4168 aod.
1360 4109 1436 4164 Voss.

291 4217 334 4256 nr.
358 4203 400 4255 18:
421 4201 473 4256 Nil
490 4200 595 4257 babuit:
617 4203 777 4271 antipoforu
793 4203 812 4258 i.
832 4203 974 4258 oontraria
991 4203 1086 4259 relatio
1105 4239 1219 4258 .....

392 4289 514 4344 ⁹Vells:
543 4287 621 4360 Quod
639 4289 742 4344 nudum
760 4295 784 4346 et
802 4291 910 4358 frustra
926 4297 1073 4361 ropantuu.
1097 4291 1283 4346 barbarismus
1299 4289 1330 4343 in
1354 4292 1438 4342 antro

291 4382 322 4431 ut
344 4378 436 4447 inquit
458 4379 565 4434 Probus
582 4384 694 4433 estnon
712 4385 744 4433 ut
765 4379 874 4448 puniam
891 4380 982 4448 lepunt
999 4379 1090 4446 frusta
1109 4379 1155 4434 sed
1171 4380 1287 4447 frustra.
1324 4375 1437 4430 Rootius

292 4463 344 4518 hoo
366 4466 502 4521 scholium
512 4467 654 4536 scriptum
672 4470 715 4521 est
733 4467 762 4520 in
781 4467 841 4522 ood.
861 4467 940 4522 Leid.
959 4467 1027 4522 bibl.
1046 4468 1122 4537 publ.
1142 4485 1184 4520 nr.
1203 4468 1249 4520 82:
1268 4465 1387 4532 frustra:
1406 4461 1436 4516 si

291 4552 384 4621 leporis
405 4552 513 4619 frustra
535 4555 567 4622 fit
590 4555 774 4610 barbarismus
791 4555 823 4608 in
841 4560 932 4610 metro.
969 4553 1029 4610 Hoo
1047 4554 1327 4624 interpretamentum
1346 4551 1436 4606 altera
