3234 5038
241 606 280 663 86
291 603 418 662 alterum

310 703 403 762 schol.

242 805 281 864 89

242 907 282 964 90

241 1003 303 1065 93²

238 1210 278 1267 94
289 1209 415 1287 alterum

309 1307 402 1366 schol.

241 1409 280 1467 96

240 1511 279 1568 98

220 1611 277 1668 101

220 1711 279 1768 102

220 1812 279 1869 103

221 1913 280 1970 104

221 2005 286 2070 105

220 2114 279 2171 106
297 2160 299 2164 ,

219 2314 276 2370 111

219 2413 278 2470 113

220 2609 416 2617 --——----—-

320 2747 447 2801 ¹Vallo:
476 2746 621 2801 Gaurana.
648 2746 753 2800 baiana
778 2763 795 2799 a
818 2746 872 2800 ioco
891 2746 944 2814 (Cf.
964 2747 1048 2800 schol.
1077 2745 1155 2801 codd.
1175 2744 1252 2800 Voss.
1270 2764 1313 2800 nr.
1334 2747 1366 2800 18

218 2838 246 2888 et
265 2836 313 2887 64:
334 2833 483 2888 Gaurana:
511 2834 648 2888 Gaurana
666 2838 779 2887 occatur
797 2833 863 2886 titus
881 2833 1027 2886 Baianum.
1058 2833 1134 2887 Hinc
1163 2833 1299 2888 Gaurano
1323 2833 1365 2888 di-

214 2927 314 2976 cuntur
335 2915 433 2990 ostrea}
452 2939 520 2990 quae
537 2922 576 2976 ibi
593 2920 787 2991 sublimatum).
807 2920 1044 2976 Cosmi—abeno.
1065 2923 1111 2990 qui
1124 2923 1284 2977 incuriosus
1301 2921 1364 2989 fuit.

215 3009 369 3064 Martialis.
387 3011 518 3078 pastillos
536 3011 620 3064 cosmi
637 3009 783 3063 luxuriosa
800 3025 880 3064 coras
899 3009 921 3076 (I
941 3011 985 3071 87,
1005 3008 1033 3078 2)
1063 3010 1111 3077 qui
1129 3009 1225 3064 sotium
1244 3011 1275 3064 in
1294 3009 1365 3079 quod

214 3097 390 3152 descendebat
409 3099 503 3152 multis
520 3097 685 3166 diversisque
702 3097 830 3152 odoribus
842 3097 998 3165 perfudisse
1014 3098 1110 3164 fertem.

320 3185 330 3218 ²
348 3185 393 3240 Ad
413 3205 438 3239 v.
458 3187 492 3239 93
512 3183 593 3239 Valla
612 3185 740 3240 adnotet:
771 3185 811 3240 Et
830 3185 922 3253 capito
940 3190 964 3240 et
982 3191 1064 3240 tutor.
1095 3187 1143 3254 qni
1160 3202 1218 3239 eum
1241 3186 1367 3255 capitone

214 3271 364 3326 damnatus
383 3279 430 3328 est.
451 3273 531 3341 Quod
550 3292 613 3328 cum
632 3274 746 3328 aliunde
764 3278 863 3328 notum
880 3292 937 3327 non
956 3273 1000 3342 sit,
1019 3291 1034 3328 e
1053 3273 1147 3328 Probo
1175 3273 1204 3326 id
1223 3277 1365 3342 sumptum

217 3375 276 3413 esse
295 3360 385 3414 videri
402 3366 496 3430 potest
516 3363 645 3431 cuipiam.
665 3362 718 3417 Sed
737 3361 766 3415 in
785 3361 869 3416 schol.
889 3360 962 3414 Pith.
983 3361 1018 3414 sd
1037 3380 1063 3416 v.
1082 3362 1117 3413 94
1136 3361 1226 3415 altero
1247 3361 1364 3430 legitur:

217 3453 242 3500 et
266 3449 392 3502 Tutorem
409 3449 496 3502 neseio
515 3467 597 3518 quem.
620 3449 797 3504 Probabilius
823 3449 911 3518 igitur
930 3452 972 3502 eet
992 3448 1102 3502 Vallem
1121 3448 1174 3502 hoc
1191 3449 1235 3502 vel
1253 3448 1366 3504 finxisse

212 3536 258 3588 vel
277 3553 291 3590 c
309 3536 448 3590 luvenalis
467 3537 560 3590 verbis
579 3541 683 3592 temere
701 3537 857 3592 coniecisse.

318 3623 329 3654 ³
347 3623 441 3677 Vallo:
461 3625 620 3680 Damnante
631 3631 734 3680 senatu.
748 3626 937 3680 accusantibus
943 3624 1161 3693 prouincialibus
1172 3623 1218 3692 (ef.
1229 3623 1363 3693 Sehopen.

214 3710 321 3780 lap.
343 3713 415 3779 403).
445 3712 562 3765 Piratae
590 3713 704 3766 cilicum.
734 3713 897 3780 spoliatores
923 3713 993 3767 vetut
1018 3712 1134 3781 piratae
1161 3712 1267 3767 cilicum
1297 3713 1363 3780 quia

211 3800 299 3854 cilices
315 3799 425 3870 piratae
441 3800 566 3866 fueruat:
586 3817 648 3869 erpo
664 3801 805 3869 principes
821 3801 979 3868 piratarum
998 3838 1109 3854 .....

316 3890 328 3920 ⁴
345 3888 391 3941 Ad
410 3906 453 3941 vv.
468 3890 502 3942 95
517 3892 545 3942 ct
558 3890 592 3941 96
610 3888 692 3942 Valla
708 3888 776 3942 hacc
796 3887 945 3941 adscribit:
974 3887 1131 3956 Chaerippo.
1151 3889 1256 3958 pupille
1273 3929 1363 3943 .....

215 3973 280 4027 Cum
304 3992 405 4044 pansa.
435 3981 509 4030 tutor
537 3982 600 4030 tuus
626 3977 675 4045 qui
699 3992 790 4032 romae
814 3975 949 4030 libitinam
968 3974 1092 4029 exercuit.
1130 3974 1206 4042 Quae
1225 3977 1293 4044 quid
1311 3977 1364 4030 sibi

214 4063 312 4131 velint,
344 4064 458 4132 adsequi
484 4083 541 4118 non
572 4083 694 4134 possum,
721 4082 811 4134 neque
839 4064 912 4118 unde
939 4063 1039 4117 housia
1063 4064 1119 4118 sint
1137 4065 1191 4117 nisi
1210 4082 1244 4117 ex
1263 4065 1364 4120 Proba.

212 4153 242 4206 Si
267 4172 332 4208 vcro
358 4153 442 4208 schol.
462 4153 536 4208 Pith.
556 4154 591 4207 ed
610 4154 637 4208 h.
656 4154 673 4206 l.
692 4153 773 4207 Valla
791 4152 821 4205 in
840 4152 934 4206 codice
957 4169 1006 4205 suo
1029 4151 1187 4215 invenisset,
1214 4156 1289 4206 certe
1308 4171 1363 4207 non

214 4243 254 4297 ito
272 4244 365 4298 locum
383 4243 556 4312 explicasset.

314 4330 437 4385 ⁸ltalia:
464 4332 504 4385 Et
527 4336 609 4400 pater
634 4330 764 4385 arrreenti:
789 4335 898 4384 taurum
922 4327 989 4382 dicit
1014 4328 1055 4383 oei
1076 4327 1281 4382 admissarium.
1321 4327 1362 4382 Cf.

215 4417 300 4472 schol.
320 4419 380 4473 cod.
400 4419 476 4474 Leid.
495 4420 562 4473 bibl.
582 4420 659 4489 publ.
678 4436 720 4472 nr.
739 4419 774 4472 82
798 4417 885 4487 (apud
904 4415 1002 4486 Gigch.
1021 4415 1038 4468 1.
1058 4433 1081 4470 c.
1099 4433 1125 4484 p.
1148 4416 1203 4483 lli:
1228 4414 1363 4469 Armenti.

212 4510 308 4560 tauros
326 4505 399 4560 dicit
417 4507 457 4562 oei
475 4523 556 4576 equas
577 4507 763 4561 admissarius.

1144 4623 1160 4676 5
