3234 5038
192 524 325 602 satisque
347 521 440 582 ubera
463 519 578 580 scholia
592 524 712 595 praesto
735 517 828 576 fnisse
850 534 971 575 necesse
990 520 1044 574 est.
1079 513 1212 582 Quorum
1230 519 1338 588 tamen,

191 625 216 682 si
246 623 474 682 incertissimam
496 620 562 678 Iani
584 619 739 678 Parrhasii
770 617 807 676 de
829 617 921 676 Probi
944 615 1097 674 cuiusdam
1127 615 1338 674 commentario

190 724 368 784 mentionem
391 717 440 796 (da
461 722 551 779 rebus
574 738 628 796 per
651 718 809 795 epistolam
831 717 985 794 quaesitis,
1015 735 1060 791 ep.
1082 715 1120 774 V.
1143 721 1165 774 t.
1188 715 1204 772 I
1225 733 1254 790 p.
1279 715 1338 773 735

191 821 314 883 Grutari
342 822 432 898 lamp.
460 823 497 880 cf.
520 820 604 879 Iahn.
632 818 721 896 proll.
748 819 785 878 ad
806 818 890 876 Pars.
917 837 947 893 p.
971 815 1082 876 CLVII
1105 811 1164 892 sq.)
1197 815 1338 891 excipias,

191 923 279 982 hodie
309 941 362 980 nec
392 921 464 982 vola
488 940 542 980 nec
571 921 733 996 vestigium
767 923 898 996 apparet.
948 917 1059 976 Nostra
1093 920 1191 975 autem
1225 913 1339 974 scholia

190 1042 259 1082 num
281 1022 350 1080 inde
372 1021 546 1099 deprompta
566 1022 634 1096 sint,
658 1020 710 1079 alii
734 1020 881 1078 doctiores
903 1017 1039 1088 videant3
1061 1016 1093 1074 id
1115 1016 1212 1076 solum
1234 1033 1338 1074 moneo

188 1143 279 1183 unum
302 1142 339 1182 ex
361 1122 409 1181 his
430 1121 552 1182 scholiis
577 1117 627 1194 (ad
651 1121 700 1179 III
724 1116 775 1194 37)
799 1118 983 1178 adverbum
1007 1119 1070 1176 fero
1093 1116 1250 1177 convenire
1274 1135 1340 1174 cum

189 1223 369 1284 Cornutiano
392 1221 489 1295 (Iahn.
510 1222 594 1280 Pers.
616 1242 645 1297 p.
663 1216 746 1294 299).
789 1218 926 1278 Ceterum
950 1237 1047 1278 sermo
1069 1217 1175 1276 horum
1196 1217 1339 1293 interpre-

190 1329 388 1384 tamentorum
410 1324 557 1400 pessimus
580 1322 639 1380 ima
661 1321 833 1380 Latinitatis
855 1325 991 1395 tempora
1012 1314 1156 1377 redolat¹.

288 1427 316 1484 4.
361 1424 434 1483 Inde
457 1443 474 1482 a
496 1443 564 1500 pag.
588 1424 630 1482 40
656 1422 762 1498 incipit
792 1422 908 1496 integer
934 1421 964 1478 in
987 1419 1162 1480 Iuvenalem
1194 1435 1338 1478 commen·

189 1525 292 1597 tarius,
323 1526 374 1602 qui
396 1543 490 1601 usque
515 1523 552 1582 ad
575 1523 663 1582 finem
686 1521 758 1580 libri
786 1521 984 1580 continuatur.
1032 1518 1195 1596 Adscripta
1217 1519 1339 1578 suntin

190 1625 342 1700 superiore
364 1645 392 1702 p.
416 1626 458 1684 40
484 1625 618 1700 margine
640 1642 729 1682 manu
757 1623 830 1682 satis
857 1621 969 1680 recenti
994 1620 1067 1680 haec
1093 1621 1202 1681 verba:
1235 1615 1337 1692 Iacab‘

185 1716 255 1800 pail
278 1718 438 1786 Jcczlid.
481 1725 583 1782 Prima
608 1724 701 1782 totius
729 1723 888 1782 commenti
909 1720 1011 1780 littera
1034 1719 1054 1780 S
1081 1721 1192 1780 omissa
1219 1725 1273 1792 est,
1306 1726 1340 1780 ut

188 1831 294 1901 postea
315 1824 482 1900 elegantius
504 1825 694 1900 pingeretur3
718 1822 797 1900 quod
818 1829 920 1880 tamen
942 1841 1000 1880 non
1022 1821 1210 1880 estfactum.
1248 1819 1340 1881 Scho-

190 1924 232 1982 lia
253 1923 391 1982 continua
421 1924 497 1982 serio
523 1923 614 1982 nullis
636 1922 805 1982 intervallis
829 1924 941 1999 scripta
963 1929 1047 1995 sunt;
1081 1922 1133 1981 sed
1154 1921 1339 1981 uniuscuius-

191 2042 248 2101 que
275 2022 382 2082 scholii
404 2023 505 2082 littera
526 2023 622 2100 prima
646 2023 771 2082 uncialis
795 2041 861 2081 esse
883 2023 973 2090 solet3
999 2022 1096 2100 qualis
1118 2027 1217 2080 tamen
1238 2022 1340 2082 littera

188 2122 337 2183 interdum
363 2128 426 2182 tum
452 2142 570 2202 quoque
598 2123 732 2182 adhibita
763 2129 823 2196 est,
859 2142 925 2182 oum
953 2124 984 2181 in
1014 2122 1117 2181 eodem
1147 2121 1260 2182 scholio
1289 2142 1339 2181 no·

188 2243 260 2282 vum
282 2223 387 2299 incipit
415 2225 607 2283 enuntiatum.
653 2223 735 2282 Haec
766 2222 880 2281 scholia
904 2224 967 2281 sine
990 2222 1080 2281 dubio
1102 2240 1117 2280 e
1140 2220 1240 2282 codice
1267 2221 1339 2281 olim

189 2321 380 2400 Sangallensi
407 2323 435 2380 D
459 2325 520 2382 304
547 2343 625 2382 nunc
661 2323 816 2400 deperdito
852 2323 1001 2400 descripta
1036 2341 1102 2382 esso
1133 2329 1222 2401 atque
1256 2342 1339 2382 accu-

190 2425 340 2483 ratissime
370 2424 528 2491 convenire
561 2444 628 2483 cum
654 2423 765 2484 codicis
788 2423 1044 2499 Montepessulani
1072 2425 1131 2482 125
1164 2425 1339 2502 interpreta-

291 2689 301 2720 ²
321 2686 350 2741 Si
369 2687 430 2756 quis
449 2686 605 2742 accuratius
624 2687 724 2740 horum
743 2685 912 2740 scholiorum
939 2703 1102 2748 sermonem,
1132 2687 1340 2741 enuntiatorum

189 2781 356 2845 structuras,
370 2775 585 2844 participiorum
599 2793 689 2842 usum,
708 2774 910 2828 sententiarum
924 2774 1157 2842 coniunctionem,
1176 2775 1341 2843 locutiones,
1382 2774 1385 2780 '

190 2863 328 2918 vocabula
344 2863 572 2930 consideraverit,
591 2863 616 2916 ei
636 2863 665 2915 in
682 2865 804 2916 mentem
823 2862 917 2916 veniat
935 2879 1044 2917 necesse
1063 2867 1105 2916 est
1123 2862 1191 2917 haec
1209 2863 1340 2931 primitus

191 2952 297 3006 Graeca
320 2952 416 3022 lingua
441 2950 526 3005 fuisse
548 2950 705 3019 conscripta
729 2955 758 3004 et
775 2954 871 3018 postea
890 2951 926 3004 ab
946 2951 1058 3005 homine
1076 2951 1152 3004 haud
1169 2952 1210 3006 ita
1229 2951 1339 3006 erudito

189 3040 219 3093 in
236 3040 369 3094 Latinam
386 3056 480 3107 versa3
510 3056 532 3093 e.
552 3057 579 3110 g.
598 3055 656 3093 voc
675 3035 833 3107 ‘pacificus‘
864 3055 920 3092 non
946 3041 1005 3092 tam
1024 3038 1158 3093 Latinum
1185 3056 1340 3094 sermonem

188 3128 305 3196 redolet,
324 3144 408 3196 quam
422 3127 571 3196 Graecum3
591 3127 626 3182 ol.
640 3126 823 3196 Stephanum,
835 3126 1006 3195 Labbaeum,
1019 3126 1181 3182 Passovium
1199 3126 1251 3180 sub
1264 3142 1339 3180 voco.

188 3210 321 3285 ripamaris
343 3219 372 3270 et
397 3209 580 3286 εἰρηνοποιός;
611 3233 637 3268 v.
661 3216 747 3270 etiam
766 3215 889 3270 labbaei
913 3216 1045 3286 glossam:
1066 3217 1265 3281 κατατέτακται,
1284 3213 1338 3268 Dc-

186 3308 313 3373 putctur.
360 3303 477 3358 Accedit
506 3333 538 3341 —
566 3307 599 3356 ut
629 3301 813 3356 Buechelarus
842 3319 887 3356 me
915 3301 1024 3356 monuit
1044 3332 1076 3341 -
1096 3300 1171 3369 quod
1198 3299 1267 3354 haec
1296 3317 1340 3355 res

188 3391 293 3459 optime
303 3390 339 3444 ad
352 3392 507 3445 studiorum
521 3391 725 3445 litterariorum
737 3389 944 3445 vicissitudines
964 3387 1098 3459 quadrat;
1117 3387 1245 3456 Byzantii
1264 3387 1338 3442 enim

190 3478 296 3532 scholia
314 3478 456 3546 Parsiana,
476 3478 641 3547 quibuscum
662 3478 778 3532 Cornuti
798 3481 984 3532 commentum
1005 3476 1099 3531 nescio
1118 3493 1173 3545 quo
1191 3475 1273 3528 modo
1293 3492 1337 3530 co·

192 3566 313 3634 haereat,
342 3567 398 3620 iam
424 3571 503 3620 sexto
529 3584 556 3635 p.
576 3566 638 3620 Chr.
657 3566 813 3620 mauseolo
838 3566 910 3620 lecta
935 3581 994 3619 esse
1021 3564 1073 3619 hoc
1096 3564 1271 3619 luculentum
1298 3567 1340 3616 est

191 3653 333 3718 indicium,
354 3653 429 3722 quod
448 3653 565 3708 Ioannes
584 3653 678 3721 Lydus
697 3653 732 3707 de
750 3653 876 3722 magistr.
897 3651 977 3706 Rom.
990 3652 1047 3705 132
1067 3651 1192 3705 Persium
1211 3668 1340 3706 narrasse

189 3740 335 3797 contendit
353 3740 488 3796 Soranum
506 3741 674 3796 dictatorem
692 3741 728 3794 ab
748 3745 844 3795 aratro
863 3740 1009 3808 bubusque
1028 3739 1064 3793 ad
1082 3738 1271 3794 Romanorum
1289 3741 1339 3794 im·

190 3831 300 3899 perium
319 3829 481 3884 arcessitum
500 3847 566 3884 esse.
604 3829 680 3896 Quae
700 3829 786 3884 verba
805 3831 932 3897 spectant
951 3828 988 3882 ad
1006 3828 1082 3884 Pers.
1102 3828 1173 3882 173:
1195 3832 1224 3883 at
1241 3828 1287 3884 hIc
1305 3829 1340 3884 dc

191 3917 309 3971 Serrano
336 3917 419 3972 nihil:
440 3917 586 3985 Quintium
605 3917 637 3987 (l)
653 3917 774 3970 Atilium
793 3915 942 3970 Serranum
970 3916 1136 3972 dictatorem
1157 3917 1219 3984 quis
1241 3917 1340 3972 novit?
1451 3927 1457 3934 ’

189 4005 224 4058 da
244 4005 272 4058 C.
283 4005 328 4058 vel
341 4006 378 4058 M.
390 4006 476 4060 Atilio
497 4007 611 4060 consule
629 4006 687 4059 tale
706 4005 774 4073 quid
792 4005 885 4058 nescio
905 4021 959 4073 quo
977 4005 1038 4060 iure
1056 4009 1189 4059 narratur
1208 4003 1255 4072 (of.
1266 4004 1339 4058 Plin.

188 4110 214 4145 n.
229 4092 256 4146 h.
276 4091 368 4146 XVIII
379 4095 404 4147 3.
424 4093 479 4148 Cic.
492 4111 544 4163 pro
557 4094 618 4148 Sex.
633 4093 734 4147 Roscio
748 4091 842 4145 XVIII
853 4095 888 4146 60
907 4097 935 4147 et
953 4094 1039 4147 schol.
1050 4094 1171 4148 Gronov.
1190 4092 1278 4161 p.4a1
1292 4092 1339 4146 Or.

188 4180 250 4234 Val.
273 4181 347 4235 Max.
373 4181 413 4236 IV
436 4184 462 4249 4,
485 4183 527 4251 5);
567 4181 676 4236 Persius
701 4197 767 4234 vero
794 4184 890 4248 aparte
916 4181 949 4235 1..
978 4180 1123 4250 Quintium
1147 4180 1340 4235 OincInnatum

189 4269 260 4324 dicit
286 4269 333 4332 (ol.
353 4269 430 4324 Iahn.
450 4269 524 4323 Pers.
543 4287 571 4338 p.
590 4271 645 4336 98).
682 4270 721 4320 At
751 4268 814 4322 vide
843 4269 961 4324 sabella:
990 4287 1024 4323 en
1048 4267 1193 4335 Quintium
1220 4265 1339 4320 Atilium

190 4356 341 4411 Serranm
359 4356 526 4412 dictatorem
555 4357 717 4424 (subustum
736 4373 770 4409 ex
788 4373 870 4411 versu
895 4357 943 4425 qui
969 4356 1125 4425 adscriptus
1144 4359 1195 4420 est,
1221 4351 1340 4421 Vergilii

188 4445 259 4498 Aen.
270 4443 308 4498 VI
320 4445 395 4514 844),
413 4463 449 4500 en
469 4446 584 4513 fontem,
603 4445 677 4500 unde
694 4443 812 4498 Ioannes
821 4444 916 4514 Lydus
936 4445 1035 4498 falsam
1048 4444 1102 4498 loci
1113 4441 1239 4497 Persiani
1253 4440 1338 4494 inter·

188 4531 375 4600 pretationem
394 4533 494 4587 benedt.
