3234 5038
797 347 831 398 72

342 521 400 582 Sed
423 543 460 582 ex
476 523 578 582 eadem
602 524 821 600 comparatione
838 523 1019 583 scholiorum
1043 523 1127 584 codd.
1140 524 1234 585 Mont.
1252 530 1283 583 et
1297 523 1387 601 Sang.

240 631 269 682 et
284 624 377 683 Probi
399 626 730 702 interpretamentorum
752 624 834 683 eliud
856 625 993 699 efficitur,
1016 624 1095 702 quod
1118 625 1154 684 de
1176 625 1239 684 illis
1264 625 1386 684 scholiis

240 724 383 783 iudicanti
400 725 519 783 minime
535 725 574 782 sit
590 724 818 800 neglegendum,
834 724 865 781 id
880 724 945 784 dieo
957 724 1124 784 Pithoeana
1139 745 1257 803 quoque
1273 727 1388 786 scholia
1467 749 1470 754 ·

240 830 416 902 excerpta
439 843 513 884 esse.
548 824 613 884 Hoc
636 830 734 884 cutem
757 824 936 901 excerpendi
951 826 1081 901 negotio,
1105 825 1184 902 quod
1199 827 1287 886 homo
1303 827 1386 885 rudis

238 924 434 1002 indoctusque
458 927 624 1002 suscepisse
657 926 787 1003 videtur,
823 926 1011 998 factumest,
1045 932 1079 984 ut
1099 926 1242 986 nonnulla
1276 926 1389 987 scholia

239 1031 325 1084 antea
348 1027 420 1084 satis
442 1027 520 1086 bona
542 1027 600 1086 iem
617 1045 710 1104 prava
730 1027 867 1104 falsaque
882 1033 934 1086 aut
952 1046 1076 1103 prorsus
1094 1028 1195 1104 inepte
1218 1028 1388 1088 evaderent.

239 1125 329 1186 Cuius
358 1128 477 1202 generis
503 1127 647 1205 quaedem
678 1128 708 1185 iu
739 1127 884 1204 exemplis
908 1147 925 1185 a
947 1126 1075 1188 Matthia
1097 1127 1117 1186 l.
1141 1147 1166 1188 c.
1188 1149 1217 1206 p.
1242 1131 1259 1188 9
1282 1149 1388 1207 propo·

239 1228 304 1286 sitis
320 1229 526 1301 inveniuntur;
549 1247 624 1305 quae
641 1227 739 1285 omnia
754 1247 831 1286 nunc
847 1232 975 1287 tractare
987 1228 1109 1304 longum
1122 1234 1175 1288 est.
1198 1229 1299 1288 Unum
1310 1230 1387 1288 illud

238 1347 342 1386 moneo
377 1329 413 1387 de
444 1329 556 1388 scholio
585 1328 622 1386 ad
642 1328 719 1388 XIV
743 1330 780 1387 91
808 1323 964 1403 (Matthias
987 1329 1065 1389 falso
1087 1331 1188 1408 posuit
1210 1331 1290 1390 XIII
1314 1326 1387 1405 133)

237 1448 295 1486 non
319 1428 354 1490 P.
377 1430 402 1488 I.
424 1429 536 1489 Mcicro
559 1425 608 1505 (de
631 1430 710 1506 glad.
734 1451 808 1490 rom.
831 1452 860 1508 p.
885 1433 902 1490 9
925 1452 953 1490 n.
980 1430 1019 1506 1),
1056 1433 1108 1511 qui
1131 1451 1260 1492 errorem
1291 1451 1388 1508 grem·

237 1531 345 1588 metico
369 1531 505 1606 imputat,
529 1529 581 1589 sed
596 1529 751 1605 Matthiae,
775 1532 826 1608 qni
840 1531 958 1591 librarii
980 1563 1018 1572 -
1040 1534 1129 1592 immo
1145 1533 1330 1611 excerptoris
1347 1563 1388 1572 -

238 1631 453 1708 neglegentiae,
488 1630 729 1708 adstipulandum
753 1651 827 1691 esse.
872 1630 947 1699 Quis
972 1634 1049 1692 enim
1078 1655 1138 1693 non
1160 1635 1245 1692 malit
1267 1633 1387 1693 eredere

239 1731 473 1808 grammaticum,
497 1733 554 1791 etsi
575 1732 659 1790 nulla
681 1752 770 1792 cause
790 1733 890 1807 fuerit,
918 1753 970 1793 cur
991 1733 1028 1793 de
1051 1734 1150 1793 Felice
1172 1735 1387 1812 Harpocraque

238 1836 386 1906 ageretur,
421 1837 520 1890 tamen
548 1838 644 1891 toturn
668 1831 803 1892 Suetonii
830 1833 929 1892 locum
959 1835 1156 1911 exscripsisse
1191 1855 1280 1911 quam
1312 1853 1388 1906 eum,

239 1951 305 1990 oum
328 1933 401 1991 satis
425 1931 576 1991 doctrinae
598 1933 746 2007 habuerit,
780 1939 842 1991 tam
875 1935 1003 2010 turpiter
1035 1933 1197 2011 peccasse?
1232 1937 1299 2012 quis
1330 1955 1389 1995 uon

238 2033 394 2092 librarium
425 2034 524 2110 potius
546 2032 697 2092 indoctum
721 2034 899 2110 excerpendi
922 2035 1020 2093 studio
1050 2055 1139 2113 quam
1161 2037 1387 2111 grammaticum

237 2135 268 2191 in
289 2138 377 2210 poeta
399 2133 563 2192 enarrando
588 2133 721 2193 censebit
745 2133 913 2195 erravisse?
946 2133 1090 2196 Similiter
1111 2155 1159 2196 res
1183 2155 1214 2195 se
1243 2136 1334 2196 hebet
1355 2137 1386 2194 in

239 2232 344 2294 scboll.
367 2234 405 2292 cd
426 2234 456 2293 X
479 2235 540 2293 330
564 2239 593 2292 et
615 2235 645 2294 X
664 2236 713 2294 93.
759 2234 849 2296 Cuius
872 2237 1036 2296 sententiae
1060 2238 1111 2315 qui
1133 2237 1316 2296 luculentum
1339 2237 1387 2294 de·

238 2333 349 2392 sideret
371 2340 586 2409 argumentum,
621 2337 647 2394 is
670 2336 757 2395 odeat
780 2336 872 2396 schol.
896 2336 975 2395 Pitb.
998 2338 1035 2395 ad
1057 2337 1073 2395 I
1098 2339 1166 2411 109,
1202 2357 1260 2414 quo
1288 2338 1387 2414 inepte

238 2433 275 2492 ad
286 2435 420 2493 Licinum
443 2455 561 2512 quoque
582 2437 721 2510 refertur,
745 2436 824 2513 quod
847 2437 883 2494 de
899 2437 1036 2496 Pallante
1060 2437 1123 2497 solo
1139 2443 1219 2496 recte
1241 2438 1385 2514 scriptum

238 2540 292 2594 est.
336 2534 394 2594 Hic
419 2537 496 2595 enim
511 2537 602 2597 Valla
623 2537 797 2596 felicissimo
820 2556 890 2596 casu
910 2539 997 2597 nobis
1013 2540 1204 2599 conservavit
1224 2539 1282 2598 duo
1304 2539 1386 2598 scho-

237 2635 279 2694 lia
301 2637 420 2712 optima,
453 2638 562 2715 quibus
587 2656 721 2696 seorsum
743 2637 779 2696 de
801 2642 928 2715 utroque
951 2640 1108 2698 verissime
1129 2644 1158 2698 et
1181 2640 1386 2716 copiosissime
1446 2699 1457 2726 0

238 2737 346 2812 agitur.
400 2738 448 2796 Ex
470 2739 517 2798 his
550 2739 644 2814 igitur
675 2738 785 2798 sciolus
821 2739 871 2815 qui
900 2745 1040 2816 excerpto
1061 2740 1228 2798 Pithoeana
1260 2740 1387 2799 confecit

237 2836 378 2896 librarius
400 2857 491 2896 unum
514 2838 590 2896 illud
613 2839 803 2898 concinnavit
823 2838 969 2898 scholium
991 2839 1153 2898 absurdum
1175 2843 1205 2896 et
1225 2839 1386 2898 indoctum.

238 2935 376 2996 Ceterum
411 2939 479 2997 eliis
505 2958 623 3016 quoque
652 2939 770 2997 indiciis
803 2938 918 2998 scholio
939 2939 1022 2998 codd.
1045 2938 1139 2997 Mont.
1163 2945 1192 2997 et
1215 2937 1306 3014 Seng.
1337 2958 1386 2998 ex·

153 3029 155 3032 ¹
238 3043 339 3114 cerpta
354 3057 420 3096 esse
438 3057 475 3096 ex
490 3039 624 3115 pleniore
641 3040 850 3098 commentario
870 3040 1070 3115 confirmatur,
1092 3039 1306 3116 inaequalitate
1322 3039 1386 3098 dico

238 3144 268 3197 et
290 3139 391 3215 copiae
414 3138 605 3211 scholiorum,
633 3141 742 3217 quippe
765 3159 841 3217 quac
863 3141 895 3198 in
917 3140 985 3199 aliis
1007 3140 1143 3216 partibus
1165 3140 1315 3199 uberrima
1338 3141 1385 3213 sit,

237 3239 267 3297 in
289 3240 357 3298 ah'is
378 3240 451 3298 satis
474 3240 572 3298 tenuis
594 3259 628 3298 ac
646 3240 766 3298 minime
790 3240 950 3318 sufficiens,
984 3247 1013 3299 et
1033 3241 1189 3314 sermonis,
1225 3241 1278 3317 qui
1299 3239 1385 3298 modo

238 3341 393 3398 continuus
416 3339 564 3399 dilucidus
586 3340 743 3416 prolixior,
776 3339 862 3399 modo
885 3341 1028 3417 abruptus
1058 3340 1202 3399 obscurus
1225 3340 1385 3420 adstrictus

236 3439 493 3516 brevissimusque
526 3441 574 3498 sit.
626 3439 705 3510 Quae
732 3459 804 3499 vere
837 3459 903 3500 esse
933 3441 1012 3500 dicta
1045 3459 1220 3517 persuasum
1253 3439 1385 3508 habebit,

238 3541 352 3617 qui-
374 3545 408 3598 ut
429 3560 520 3599 unum
544 3541 694 3617 proferam
716 3542 886 3618 exemplum
910 3571 950 3581 -
972 3541 1077 3600 scholi.
1100 3541 1138 3599 ad
1160 3541 1240 3600 VIII
1255 3541 1295 3598 94
1308 3559 1384 3616 sqq,

137 3669 144 3685 ι
238 3659 314 3718 quae
339 3641 450 3716 integri
475 3642 679 3700 commentarii
700 3643 860 3717 imaginem
890 3643 944 3701 vix
968 3643 1152 3701 immutatam
1174 3640 1318 3718 praebere
1340 3639 1384 3699 vi·

237 3741 352 3817 dentur,
376 3744 593 3818 comparaverit
620 3763 686 3802 oum
709 3743 838 3802 exilibus
861 3725 1022 3820 excerptis]
1051 3761 1126 3820 quoe
1148 3741 1185 3799 ad
1208 3740 1255 3802 VI
1275 3744 1290 3799 1
1317 3759 1383 3817 sqq.

177 3846 181 3853 '
236 3844 268 3902 in
290 3843 374 3902 codd.
396 3841 490 3902 Mont.
503 3850 533 3903 et
548 3842 638 3919 Sang.
662 3844 813 3920 leguntur.
856 3844 900 3901 At
925 3845 951 3901 si
973 3863 1118 3902 summam
1140 3843 1184 3901 rei
1207 3847 1384 3918 spectemus,

238 3945 290 4021 qui
312 3945 462 4021 excerpsit
488 3944 561 4003 haec
590 3944 712 4016 acholio,
747 3945 865 4022 saepius
887 3945 1024 4019 longiora
1043 3944 1309 4021 interpretamenta
1339 3959 1384 3998 ee·

238 4017 364 4122 derhque
389 4043 521 4102 doctiora
544 4049 572 4102 ct
593 4044 741 4103 interdum
764 4045 981 4122 pretiosissima
1000 4045 1031 4102 in
1053 4043 1175 4102 brevius
1199 4042 1383 4102 contraxisse

238 4150 267 4203 et
288 4144 469 4221 depravasse
496 4164 584 4221 quam
612 4149 676 4203 toto
698 4147 835 4204 omisisse
856 4145 985 4205 videtur.
1030 4143 1086 4204 Sed
1110 4145 1184 4202 sotis
1207 4142 1243 4202 de
1264 4141 1320 4200 hae
1341 4159 1384 4214 re,

238 4265 326 4322 qnam
350 4245 515 4304 accuratius
537 4249 665 4303 tractare
686 4251 821 4322 tempore
841 4265 895 4304 nos
917 4251 1030 4304 vetant.

336 4347 382 4405 De
404 4346 496 4405 Probi
516 4347 635 4405 nomine
657 4346 780 4407 oValla
803 4346 980 4406 scholiastae
1004 4366 1057 4405 suo
1074 4345 1168 4404 indito
1192 4346 1218 4404 si
1241 4345 1308 4423 quis
1330 4362 1381 4404 vv.

237 4446 283 4507 dd.
314 4466 492 4523 cognoscere
524 4447 600 4508 velit
634 4448 796 4524 opiniones,
832 4448 934 4508 videat
960 4446 1090 4506 Fabricii
1118 4446 1192 4505 bibl.
1216 4445 1283 4504 Lat.
1305 4450 1327 4505 t.
1350 4442 1383 4501 II

237 4567 266 4624 p.
290 4549 350 4607 360
379 4543 436 4622 (ed.
460 4548 489 4607 V
510 4568 539 4625 p.
563 4549 675 4607 45311.
699 4546 738 4622 e),
772 4545 920 4624 Schopeni
947 4546 1018 4606 diss.
1046 4547 1083 4606 de
1104 4545 1242 4606 Terentio
1272 4551 1302 4603 01
1323 4544 1383 4602 Do·
