3234 5038
757 359 791 410 33

199 532 277 590 unda
300 531 392 592 Valla
412 530 469 592 hcc
491 531 657 604 contendat,
692 533 837 610 explicari
858 541 966 611 potest,
994 536 1053 595 nisi
1075 536 1218 596 concedas
1241 556 1307 597 enm
1331 557 1346 596 c

199 632 292 692 Probi
324 634 588 710 interpretamento
613 633 721 692 falsum
750 636 919 695 coniecisse.
968 637 1014 696 Ne
1041 638 1084 696 eis
1115 638 1235 715 quidem
1261 639 1345 712 locis,

200 734 308 810 quibus
341 734 426 794 illum
453 752 576 810 prorsus
609 733 711 793 cadem
744 735 880 794 cProbo
913 737 1025 796 referre
1055 737 1178 798 Iahnius
1210 739 1346 799 adfirmat

200 831 301 911 (proll.
323 833 360 892 ad
381 834 465 893 Pers.
488 854 517 910 p.
538 833 638 907 CLV),
671 853 746 912 qnae
773 835 937 896 aPithoeo
966 843 996 896 et
1021 857 1037 896 c
1059 839 1122 900 cod.
1145 837 1236 918 Sang.
1265 841 1344 900 edita

200 936 269 1008 sint,
292 935 409 1012 integra
423 935 515 995 Probi
541 937 634 996 verbu
657 935 767 1009 adfert3
792 937 880 996 etiarn
906 956 943 996 ex
964 937 1023 998 bis
1038 939 1147 1003 Vallae
1168 942 1344 1020 intorpreta-

199 1037 307 1094 mcntis
323 1055 359 1095 nc
375 1037 462 1096 unius
480 1036 600 1114 quidem
614 1036 708 1098 verba
728 1055 794 1096 oum
808 1037 983 1097 Pithoeanis
999 1041 1116 1100 omnino
1140 1045 1345 1119 consentiunt3

200 1136 280 1212 quod
301 1157 439 1214 magnam
460 1143 576 1215 purtem
603 1138 731 1198 diversis
755 1140 851 1217 ipsius
874 1140 984 1199 codicis
1009 1142 1187 1202 lectionibus
1210 1145 1346 1204 effectum

200 1256 266 1296 esse
295 1257 367 1298 cave
388 1254 525 1308 censcas;
556 1240 645 1298 immo
679 1240 882 1317 compluribus
910 1240 1015 1300 horum
1043 1243 1118 1301 locis
1148 1250 1250 1321 aperte
1282 1246 1347 1323 ipse

201 1338 323 1414 scholia,
359 1358 434 1417 quac
455 1341 486 1398 in
510 1340 610 1401 codice
638 1359 691 1400 suo
717 1342 883 1417 invenerat,
916 1341 1004 1420 plane
1032 1345 1235 1419 commutavit,
1268 1364 1293 1404 e.
1317 1364 1346 1423 g.

200 1439 293 1500 schol.
316 1441 354 1499 ad
375 1440 391 1497 I
414 1444 463 1500 71.

299 1539 412 1612 Quibus
444 1560 517 1600 vero
549 1543 646 1601 causis
666 1542 757 1603 Valla
787 1549 939 1619 permotus
970 1549 1025 1621 est,
1058 1549 1092 1603 ut
1112 1545 1206 1606 verba
1237 1545 1347 1605 oodiois

200 1639 348 1700 mutaret?
393 1639 573 1718 Saepissime
596 1662 638 1716 ea,
663 1661 738 1720 quae
760 1644 791 1701 in
813 1643 906 1702 Probi
928 1643 1006 1703 libro
1030 1650 1170 1722 corrupta
1191 1652 1242 1704 aut
1264 1653 1348 1705 erant

199 1748 250 1800 ant
275 1760 340 1800 esso
362 1742 551 1816 videbantur,
587 1761 640 1801 suo
662 1744 786 1803 arbitrio
810 1743 979 1805 emendavit
1000 1749 1099 1822 atquc,
1130 1765 1206 1823 quaa
1228 1747 1347 1806 omnino

199 1840 261 1916 legi
283 1861 342 1900 non
362 1846 501 1917 poterant
522 1848 645 1920 propter
668 1844 813 1902 cariosam
835 1842 945 1902 codicis
968 1849 1157 1919 vetustatem,
1189 1865 1204 1904 c
1227 1865 1280 1906 suo
1303 1848 1346 1906 in·

198 1943 287 2016 genio
311 1940 494 2018 supplevit¹:
516 1942 548 2000 id
568 1942 647 2020 qnod
669 1944 761 2002 aetati
781 1944 834 2002 isti
852 1943 1092 2004 condonabimus.
1112 1944 1212 2002 Etiam
1227 1946 1346 2023 saepius

199 2060 233 2100 co
249 2043 395 2120 impulsus
411 2048 465 2118 ast,
491 2043 569 2120 qnod
593 2062 767 2118 sermonem,
790 2064 848 2121 quo
870 2044 1031 2104 scholiasta
1053 2037 1156 2118 utitur,
1178 2046 1347 2122 improban-

198 2141 268 2200 dum
295 2143 563 2221 corrigendumque
584 2145 732 2204 censebat.
760 2144 886 2204 Accedit
907 2145 986 2222 quod
1009 2146 1037 2204 ei
1058 2146 1151 2204 Probi
1171 2147 1347 2223 interpreta-

198 2250 297 2303 menta
320 2264 408 2322 saepe
430 2245 568 2320 longiora
588 2245 778 2321 videbantur,
801 2264 890 2322 quam
904 2250 938 2303 ut
951 2247 1069 2322 integra
1090 2246 1236 2315 adferret3
1257 2248 1347 2306 inter·

200 2344 268 2403 dum
290 2347 409 2422 singula
430 2344 537 2406 scholii
559 2344 686 2404 alicuius
701 2346 795 2405 verba
816 2345 922 2405 melius
946 2346 983 2406 ad
999 2347 1119 2422 singula
1132 2353 1238 2424 poetae
1253 2348 1347 2409 verba

199 2623 247 2692 qui
269 2622 337 2677 haec
355 2621 528 2691 conseripsit,
558 2624 689 2676 accurata
707 2623 782 2675 certa
800 2619 978 2689 antiquitatis
996 2621 1099 2674 notitia
1117 2621 1239 2690 carebat,
1266 2619 1347 2674 Valla

200 2714 292 2764 autam
317 2710 418 2764 falsum
446 2710 517 2763 illud
545 2725 648 2762 nomen
676 2725 725 2762 suo
756 2708 876 2764 arbitrio
900 2708 1089 2763 emendavitne
1106 2712 1207 2777 potest.
1245 2708 1346 2763 Carum

198 2814 267 2850 vero
286 2826 320 2836 -
341 2814 406 2850 nam
422 2797 514 2852 Massa
533 2814 588 2866 qua
606 2796 715 2850 ratione
739 2795 776 2849 sit
800 2799 935 2856 mortuus,
959 2794 1095 2849 incertum
1115 2799 1157 2849 est
1177 2825 1209 2834 -
1228 2812 1285 2848 non
1301 2813 1345 2850 oo·

200 2883 287 2937 cisum
315 2901 373 2938 esse
401 2884 524 2938 delatum
552 2884 587 2938 ab
606 2884 767 2945 Heliodoro,
796 2883 864 2938 licet
890 2883 961 2938 alius
980 2883 1146 2938 Heliodorus
1165 2883 1346 2954 intellegatur

200 2974 284 3039 atque
303 2972 360 3040 ille,
378 2973 426 3040 qui
445 2972 562 3027 Neronis
581 2977 675 3027 aetate
694 2971 726 3026 L.
745 2971 856 3024 Iunium
875 2969 1000 3025 Silanum
1019 2972 1120 3026 detulit
1139 2971 1188 3040 (cf.
1206 2971 1292 3025 schol.
1311 2972 1346 3026 ad

200 3059 282 3113 qul
296 3059 351 3130 33),
371 3061 522 3114 certissime
540 3061 679 3115 evincitur
697 3059 837 3114 Martialis
856 3058 1057 3129 epigrammate
1076 3059 1157 3114 Χ77.
1194 3060 1348 3114 lnoulcavit

200 3148 288 3218 igitur
307 3148 490 3203 Heliodorum
508 3148 591 3202 homo
609 3148 719 3215 sciolus,
749 3148 797 3216 qui
817 3165 880 3202 eum
899 3146 1053 3202 delatorem
1079 3147 1164 3202 fuisse
1189 3147 1219 3200 in
1242 3147 1347 3201 scholio

199 3236 235 3290 ad
253 3236 311 3291 133
331 3237 452 3306 legerat3
471 3235 506 3292 cf.
517 3235 644 3300 Strauch,
663 3236 682 3288 l.
695 3251 716 3289 c.
736 3252 764 3304 p.
774 3237 817 3288 27.
854 3235 911 3288 lam
930 3234 991 3289 iure
1010 3235 1157 3289 concludas
1176 3251 1208 3288 ea
1227 3251 1346 3303 quoque,

198 3341 269 3392 quaa
293 3324 436 3379 adduntur
454 3322 543 3393 (cuius
561 3354 593 3362 -
613 3322 820 3393 mttipcndum),
847 3322 916 3378 ficta
943 3340 1001 3377 esse
1032 3327 1116 3390 atque
1146 3340 1179 3376 ex
1206 3323 1347 3377 luvenalis

199 3413 290 3466 verbis
313 3416 420 3467 temere
443 3412 576 3466 coniecta.
613 3411 718 3466 Vereor
738 3415 840 3472 autern,
858 3428 894 3464 nc
912 3410 981 3465 haec
999 3409 1074 3478 (inde
1093 3428 1110 3464 a
1128 3427 1203 3464 voco.
1224 3411 1347 3466 Latinus

200 3499 300 3570 auton)
319 3519 375 3554 non
394 3501 450 3554 sint
469 3501 571 3554 veteris
593 3500 669 3553 illius
688 3499 859 3568 interpretis,
880 3499 928 3567 qui
947 3502 991 3553 tot
1009 3498 1152 3567 tantisque
1170 3499 1252 3552 rebus
1271 3503 1347 3553 recte

200 3588 344 3656 explicatis
362 3606 392 3642 sa
410 3583 467 3642 non
486 3587 630 3643 indoctum
648 3586 781 3641 rudemve
799 3585 931 3641 ostendit.

302 3678 311 3708 ¹
327 3674 478 3730 Permultis
491 3680 585 3730 tamen
598 3676 674 3743 locis,
693 3675 793 3744 quibus
805 3672 886 3728 Valla
902 3671 1092 3727 emendatiora
1105 3671 1219 3726 exhibet
1233 3671 1347 3740 scholia,

198 3781 254 3818 non
284 3780 334 3818 sua
361 3765 528 3832 coniectura,
557 3764 604 3818 sed
632 3763 729 3832 probis
757 3762 859 3817 codicis
886 3761 929 3814 sui
952 3760 1120 3815 lectionibus
1143 3760 1219 3814 nisus
1238 3763 1281 3814 est
1299 3759 1346 3828 (of.

198 3850 333 3920 Schopen.
359 3852 377 3904 l.
397 3869 419 3906 o.
441 3869 468 3920 p.
490 3855 543 3906 328
570 3851 665 3920 axtr.)‚
696 3855 728 3905 ut
752 3851 782 3905 in
805 3849 903 3904 scholl.
927 3848 963 3902 ad
985 3848 1184 3902 lassato.
1205 3851 1265 3902 113.
1287 3850 1345 3903 133.

197 3938 225 3991 11
239 3941 282 3993 86.
303 3939 344 3994 98.
362 3939 460 3994 11120.
479 3940 522 3994 23.
559 3940 655 3994 Etiam
673 3940 703 3992 in
722 3938 805 3993 schol.
823 3936 1061 3991 ad111214n0n
1082 3940 1114 3991 ut
1131 3937 1193 3990 vult
1212 3936 1346 3991 Matthias

133 4037 137 4047 “
198 4026 216 4079 l.
237 4043 258 4080 c.
278 4044 304 4096 p.
325 4029 341 4080 2
360 4033 492 4097 corrupta
515 4028 618 4084 codicis
642 4027 729 4081 verba
753 4042 802 4080 suo
827 4025 946 4080 arbitrio
970 4024 1135 4086 emendavit,
1165 4023 1261 4078 sedin
1286 4024 1347 4093 ipso

198 4113 292 4169 codice
311 4115 591 4186 interpretamentum
611 4114 783 4170 emendatius
801 4113 958 4181 inveneret3
978 4112 1012 4166 cf.
1032 4111 1165 4181 Schopen.
1188 4112 1206 4165 l.
1220 4129 1242 4166 o.
1258 4111 1348 4180 pssdfl

199 4205 228 4254 et
245 4203 366 4272 glossam
385 4205 594 4259 interlinearem
618 4203 677 4258 cod.
695 4202 774 4257 Voss.
792 4219 835 4254 nr.
856 4203 901 4255 18:
931 4206 995 4255 tuuc
1017 4200 1136 4254 odimus:
1162 4204 1194 4252 ut
1209 4214 1279 4267 prce
1296 4198 1347 4251 tri·

196 4289 279 4344 stiria
298 4293 390 4358 focum
408 4292 439 4345 ia
456 4291 534 4347 domo
553 4297 649 4346 nostro
667 4307 721 4345 nou
739 4289 880 4359 potiamur
899 4287 1110 4356 saccudiorum*
1128 4287 1256 4356 lucentes.
1275 4284 1347 4338 Sane

198 4375 244 4430 hic
272 4394 383 4446 quoquc
401 4379 481 4433 Valla
508 4379 645 4448 quaedam
667 4377 703 4432 ad
727 4395 808 4432 suum
832 4376 982 4432 arbitrium
1000 4375 1129 4439 mutavit,
1160 4373 1208 4426 sed
1227 4390 1298 4440 quae
1317 4373 1346 4425 in

199 4465 297 4519 codice
315 4483 382 4522 sana
400 4467 485 4522 fuisse
502 4468 573 4521 mihi
592 4467 705 4536 quidem
723 4483 886 4536 persuasum
904 4465 949 4532 sit,
975 4467 1008 4517 ut
1025 4479 1078 4532 pro
1095 4457 1237 4516 ‘tristitia’
1262 4456 1347 4516 ‘mae-

197 4549 302 4622 stica'c’,
321 4571 374 4624 pro
391 4554 436 4610 ‘ia
453 4555 529 4610 domo
546 4551 654 4610 uostrc'
675 4553 767 4624 ‘opud
786 4549 849 4610 uos‘
870 4552 983 4622 scripsit
1001 4555 1054 4606 cto.

1128 4665 1145 4718 3
