3234 5038
735 897 775 956 54
788 894 801 932 ⁸

565 999 604 1058 55
618 996 630 1034 ⁴

285 1093 324 1151 56
334 1092 462 1170 primum

354 1193 447 1254 schol.
734 1197 773 1254 56
791 1189 917 1254 alierum

280 1296 326 1353 56
341 1295 462 1354 tertium
797 1293 912 1355 schol.⁸

354 1393 447 1453 schol.

284 1496 323 1553 57
333 1495 462 1571 primum

355 1593 447 1652 schol.
733 1595 773 1654 57
790 1593 917 1653 alterum

286 1696 326 1754 57
339 1695 462 1754 tertium
795 1692 911 1754 schol.⁶

354 1795 446 1855 schol.

284 1897 324 1954 60

264 2292 462 2300 ——-

363 2413 485 2469 ¹Valle:
518 2415 668 2483 Tamquam
696 2429 816 2470 mameae.
836 2415 968 2485 eleqauter
996 2414 1127 2470 tussitat
1149 2413 1341 2480 suecessoribus,¹
1373 2412 1408 2467 cf.

261 2501 353 2556 Iahnii
371 2503 407 2556 ed
425 2502 478 2557 hoc
495 2501 580 2557 schol.
599 2506 703 2556 notem.

362 2589 485 2644 ²Vaile:
514 2589 614 2644 Secrete'
640 2589 707 2655 fecit
724 2589 836 2644 maesti.
855 2590 986 2644 enatorum
1013 2590 1084 2645 euim
1109 2592 1216 2646 eomseto
1243 2591 1345 2657 douut;
1371 2589 1405 2644 cf.

262 2679 346 2734 schol.
367 2678 426 2734 cod.
444 2677 523 2732 Voss.
542 2695 585 2731 nr.
604 2678 652 2730 18:
674 2677 726 2732 Nil
743 2677 807 2732 titt.-
836 2677 911 2732 Num
939 2679 1071 2734 malorum
1100 2677 1152 2746 (sic
1179 2678 1328 2750 legendum
1354 2678 1407 2746 est)

260 2766 374 2823 cometis
389 2767 512 2836 ptum'ma
529 2764 632 2820 domam
647 2767 687 2820 aet
705 2765 742 2820 ad
758 2765 925 2834 cumcuma
943 2766 1085 2833 matessaia.

360 2855 371 2887 ⁸
397 2855 457 2910 Hoc
480 2854 510 2907 in
533 2853 637 2908 scholio
665 2853 820 2908 Pithoeeno
849 2854 1021 2924 Schopenum
1048 2859 1125 2910 recte
1143 2855 1252 2909 Vellem
1281 2858 1405 2908 secutum

260 2943 430 2997 emendasse:
460 2948 496 2998 ut
514 2958 572 2996 cum
590 2943 664 2996 mata
681 2943 849 2998 comedentis
870 2944 1031 3011 habeantur,
1059 2941 1241 2998 confirmetur
1268 2943 1322 2996 hoc
1348 2941 1405 2996 cod

262 3031 340 3086 Voss.
358 3049 400 3085 nr.
423 3033 456 3086 18
474 3032 736 3101 interpretamento:
757 3074 870 3088 .....
894 3035 985 3090 multae
1012 3033 1124 3090 diuitiae
1152 3035 1226 3089 tamti
1243 3035 1295 3090 tibi
1312 3034 1368 3090 siut
1386 3037 1404 3090 t.

259 3124 365 3174 tantam
393 3119 502 3175 causat
520 3120 601 3191 'apud
626 3127 652 3177 te
677 3126 707 3175 ut
736 3138 796 3176 eum
824 3122 897 3177 matu
925 3123 1092 3178 couscientia
1119 3123 1279 3178 habeantur.
1327 3123 1407 3179 Unde

259 3207 329 3261 illud
347 3225 458 3276 quoque
477 3209 742 3278 probetanaliem‚
762 3227 825 3264 cum
844 3209 873 3263 in
891 3215 1016 3265 extremo
1034 3211 1088 3265 hoc
1105 3211 1210 3266 scholio
1224 3227 1276 3280 pro
1289 3211 1407 3266 habeam·

259 3301 306 3350 tur
325 3297 459 3351 scriberet
478 3298 626 3368 quidquam
644 3298 829 3367 concupiscas,
849 3317 866 3353 n
884 3299 981 3353 codice
997 3317 1046 3354 suo
1066 3299 1230 3355 discessisse.
1251 3299 1350 3354 Cetera
1369 3299 1405 3354 ed

259 3387 385 3442 litteram
403 3404 465 3440 cum
484 3386 589 3443 scholio
608 3385 762 3440 Pithoeeno
782 3387 960 3441 conveniunt.

361 3475 484 3530 ‘Vallm
514 3472 610 3528 Omnis
633 3489 718 3528 erema
738 3473 803 3544 taqi.
827 3479 910 3544 tuqus
936 3475 1035 3542 tamem
1063 3474 1206 3544 hisqaniae
1224 3491 1283 3532 eum
1302 3475 1405 3532 tama

259 3579 358 3618 aurum
376 3563 510 3618 iuueteus.

359 3652 370 3683 ⁵
390 3650 482 3705 Velle:
503 3649 686 3719 Poueuduque
700 3649 828 3720 praemio
838 3665 938 3704 sumas.
953 3665 1054 3719 ponere
1066 3650 1175 3705 debeas:
1194 3648 1224 3704 ta
1236 3653 1275 3703 est
1290 3649 1406 3704 attium

259 3739 399 3808 ueqtt'qese.
430 3737 470 3793 Cf.
491 3739 525 3794 de
551 3737 711 3794 Pithoeenis
735 3738 866 3794 adhunc
892 3755 1004 3792 versum
1026 3742 1055 3792 et
1077 3739 1267 3807 insequentem
1293 3736 1404 3792 scholiis

259 3826 433 3896 Schopenum
451 3827 469 3881 l.
490 3845 513 3882 c.
532 3844 560 3896 p.
580 3828 640 3881 351.
660 3827 711 3881 Cui
734 3827 775 3882 ite
800 3826 963 3895 adstipulor,
983 3831 1015 3880 nt
1033 3827 1119 3882 verbe
1138 3826 1228 3896 ‘quase'
1246 3826 1405 3880 moriturus'

258 3913 378 3969 esciolo
397 3914 518 3982 quodem
545 3917 659 3971 homine
687 3917 722 3972 ad
749 3916 847 3972 scholii
872 3917 958 3971 verbe
987 3918 1063 3986 ‘quae
1081 3916 1211 3986 deponere
1234 3915 1345 3978 debeas’,
1373 3919 1405 3970 ut

258 4019 368 4057 causam
387 4003 533 4074 indicaret,
562 4006 670 4062 ediocte
688 4007 782 4075 eisque
800 4009 897 4075 postes
915 4023 932 4059 a
950 4004 1065 4059 librario
1084 4005 1179 4073 aliquo
1204 4003 1274 4059 felso
1303 4005 1405 4059 lemme

258 4089 382 4145 ‘Triste'
399 4091 554 4160 praefixum
573 4111 631 4149 esse
650 4111 790 4163 censeem3
809 4093 858 4148 ille
877 4110 955 4148 vero:
974 4091 1015 4147 ‘id
1032 4098 1071 4148 eat
1089 4091 1224 4148 reddendo
1243 4108 1311 4162 quae
1330 4092 1403 4146 mata

258 4185 316 4233 urta
328 4180 452 4249 quaesita
464 4185 545 4237 sumt!
558 4200 620 4237 cum
633 4183 730 4237 Ichnio
744 4200 848 4237 novum
859 4182 894 4235 ab
908 4182 1018 4250 alioque
1031 4181 1158 4235 additum
1170 4181 1402 4250 interpretamen-

257 4273 316 4322 tum
337 4285 394 4322 esse
413 4269 543 4323 arbitror.
565 4269 670 4323 Mirum
689 4273 782 4324 autem
800 4270 831 4322 in
840 4269 936 4324 Vellee
954 4269 1155 4324 commentario
1166 4269 1259 4324 deesse
1275 4267 1402 4322 voculam

257 4356 342 4422 ‘quoe‘
359 4359 424 4410 unte
443 4357 561 4424 mouere,
580 4355 654 4424 quod
674 4360 768 4410 utrum
788 4355 890 4410 codicis
908 4356 1019 4425 mendo,
1047 4373 1084 4410 an
1106 4356 1269 4426 typothetae
1294 4354 1403 4410 iccoris

257 4443 363 4497 fuctum
381 4443 427 4511 sit,
447 4443 546 4497 nescio.

359 4530 482 4586 ⁶Va11a:
505 4531 613 4586 stistte.
633 4536 664 4585 ut
684 4532 836 4601 torquearis
853 4530 1026 4588 couscientia.
