3234 5038
795 339 812 389 2

229 516 371 594 cuiusque
404 534 505 575 eornm
530 519 771 591 commentorum,
809 533 883 592 quae
909 514 998 574 hodie
1020 515 1051 573 in
1081 514 1168 574 libris
1197 516 1289 584 medii
1310 519 1377 578 aevi

228 616 430 677 inveniuntur.
475 613 562 682 Quod
585 615 610 673 si
631 615 811 692 respexeris,
833 615 892 673 tria
914 615 1095 674 scholiorum
1116 615 1376 677 Iuvenalianorum

229 716 423 776 discernenda
445 722 532 776 crunt
554 735 679 794 gencra3
703 735 829 793 quorum
855 716 983 792 primum
1005 721 1038 774 ut
1061 721 1090 775 et
1111 736 1186 794 puro
1209 723 1239 776 et
1261 719 1376 777 sincero

226 817 308 876 fonto
332 837 369 876 ex
390 817 445 877 illo
467 817 566 895 quarti
587 823 656 893 post
678 815 748 877 chr.
768 836 796 875 n.
819 817 931 875 saeculi
954 818 1163 876 commentario
1186 817 1283 888 fluxit,
1305 819 1377 877 licet

226 917 276 977 hic
298 919 362 978 illic
384 918 477 978 rivuli
501 917 620 976 aliunde
643 918 701 975 orti
722 916 906 976 turbidiores
929 917 1036 976 fluctus
1059 917 1279 978 admiscuerint.
1321 919 1374 978 Al-

227 1021 285 1078 teri
299 1039 353 1097 pro
370 1018 562 1078 fundamento
577 1017 759 1078 estCoructa'
780 1019 920 1091 sacocum
942 1035 1032 1092 srcpar
1055 1023 1113 1078 toto
1137 1019 1213 1079 labro
1222 1020 1376 1081 Iuvenalis

228 1118 330 1194 (Laur.
353 1121 394 1198 pl.
412 1121 460 1192 52,
480 1115 528 1195 4);
550 1118 607 1178 hoc
630 1137 748 1196 quoque
771 1137 865 1194 genus
888 1119 1062 1196 saepissime
1081 1119 1294 1196 interpolatum
1310 1141 1375 1182 esse

226 1221 347 1281 videtur
370 1220 579 1279 additamentis
599 1221 708 1296 partim
731 1219 864 1278 melioris
885 1221 995 1296 partim
1018 1219 1174 1279 deterioris
1196 1227 1294 1282 notae.
1339 1223 1375 1281 Iu

227 1321 316 1380 tertio
350 1339 422 1382 vero
454 1320 635 1380 numeranda
669 1325 755 1378 erunt
789 1338 823 1378 ea
856 1319 1036 1379 scholiorum
1070 1338 1195 1396 corpora
1226 1322 1375 1400 mediique

227 1421 295 1481 aevi
331 1427 505 1492 commenta,
541 1439 617 1499 quae
645 1439 710 1480 cum
739 1426 845 1480 neutro
872 1421 994 1480 illorum
1022 1422 1300 1481 commentariorum
1330 1443 1375 1482 co·

227 1521 351 1580 haerent
360 1519 379 1580 ¹.

327 1621 393 1683 Hoc
413 1623 518 1684 libello
547 1624 700 1702 deprimo
727 1630 843 1683 tantum
871 1642 980 1700 genere
1007 1624 1093 1683 nobis
1116 1630 1162 1684 est
1188 1626 1373 1703 propositum

228 1742 327 1800 agore.
372 1723 408 1781 Id
429 1729 527 1782 autem
549 1723 678 1783 efficitur
706 1724 749 1782 eis
776 1724 806 1782 in
830 1723 1004 1782 Iuvenalem
1036 1723 1168 1800 scholiis,
1203 1744 1278 1803 quae
1304 1727 1375 1786 iam-

229 1823 340 1884 dudum
362 1825 392 1882 in
416 1825 546 1884 omnium
575 1824 730 1884 doctorum
751 1825 888 1883 manibus
909 1830 986 1898 sunt,
1019 1845 1154 1903 quaeque
1177 1825 1232 1885 hoc
1256 1828 1374 1886 sacculo

227 1924 383 1986 Oromenus
407 1923 600 1983 Heinrichius
623 1924 745 1984 Iahnius
774 1931 995 1984 recensuerunt.
1039 1925 1123 1984 Inter
1152 1927 1268 1986 codices
1292 1947 1373 2002 vero,

229 2026 280 2103 qui
301 2024 374 2084 haec
404 2024 555 2103 exhibent,
588 2025 683 2102 primo
710 2025 776 2084 loco
805 2024 1001 2084 nominandus
1029 2034 1075 2085 est
1094 2026 1375 2104 Montcpessulanus

228 2145 272 2185 nr.
298 2127 358 2185 125
383 2120 494 2200 (Iahnii
515 2125 708 2201 Pithocanus,
741 2125 907 2184 Hermanni
928 2124 1099 2200 Budensis),
1132 2145 1147 2186 e
1175 2146 1234 2205 quo
1260 2129 1374 2206 primus

228 2226 285 2284 etsi
314 2245 371 2285 non
399 2245 433 2285 ca
457 2245 545 2304 quam
566 2225 654 2285 hodie
678 2224 881 2294 desideramus
906 2244 975 2284 cura
998 2224 1140 2285 Pithoeus
1164 2227 1257 2287 edidit
1275 2229 1373 2289 Lutct.

226 2346 252 2385 a.
277 2329 357 2386 1585
380 2346 439 2385 una
469 2345 535 2385 cum
557 2327 631 2403 ipsis
656 2327 809 2387 Iuvenalis
841 2327 959 2403 saturis,
995 2347 1068 2404 quas
1099 2327 1232 2386 ciusdem
1264 2329 1373 2389 codicis

227 2444 282 2502 opo
306 2427 416 2503 optime
438 2445 505 2486 eum
526 2428 712 2486 recensuisse
734 2431 837 2485 notum
860 2431 905 2486 est
929 2422 981 2500 (cf.
999 2425 1030 2486 (l.
1051 2427 1100 2486 Fr.
1124 2428 1289 2488 Hermanni
1304 2431 1372 2491 Iuv.

226 2526 318 2602 praef.
340 2546 370 2602 p.
393 2523 479 2602 XX).
530 2527 618 2587 Unde
650 2529 791 2588 universo
820 2526 890 2585 huic
921 2526 1102 2586 scholiorum
1133 2529 1164 2587 in
1197 2529 1371 2590 Iuvenalem

226 2626 330 2702 generi
351 2625 525 2686 Pithoeanis
547 2627 675 2686 inditum
704 2633 750 2687 est
775 2646 891 2686 nomen.
936 2625 1009 2687 (lum
1031 2628 1078 2686 his
1101 2629 1371 2706 Montepessulanis

227 2726 341 2786 scholia
365 2727 474 2786 codicis
487 2726 694 2804 Sangallensis
716 2747 760 2787 nr.
772 2729 834 2786 870
856 2727 928 2786 adeo
952 2735 1127 2804 congruunt,
1149 2735 1183 2788 ut
1204 2735 1234 2788 et
1248 2727 1371 2787 Iahnius

228 2825 329 2904 (proll.
354 2827 391 2885 ad
411 2827 496 2886 Pers.
519 2849 548 2905 p.
573 2823 680 2904 OLVI)
708 2834 738 2888 et
764 2828 908 2888 Matthias
942 2824 992 2903 (de
1020 2829 1142 2889 scholiis
1169 2828 1372 2891 Iuvenalianis

228 2925 321 2984 Halae
352 2929 432 2987 1875
455 2948 484 3004 p.
510 2920 542 3004 1)
575 2926 799 3004 Sangallensem
833 2927 1060 3014 ex·Pithoeano
1093 2929 1276 3007 descriptum
1309 2947 1373 2988 esse

227 3027 412 3103 putaverint;
449 3027 528 3105 quod
554 3032 654 3087 tamen
687 3047 772 3086 secus
803 3047 834 3086 se
857 3027 968 3087 habere
1000 3028 1079 3087 infra
1110 3029 1289 3089 videbimus.
1337 3027 1373 3085 Id

226 3147 298 3190 vero
322 3134 456 3205 apertum
480 3134 586 3189 estex
611 3131 758 3189 communi
779 3148 875 3207 neque
897 3129 991 3188 multo
1019 3129 1185 3205 antiquiore
1208 3125 1372 3202 archetypo

227 3234 388 3306 utrumque
422 3228 581 3288 deductum
614 3248 679 3288 esse
712 3225 763 3300 (ci.
792 3229 876 3288 Iahn.
905 3229 949 3288 ed.
980 3228 1046 3287 Iuv.
1079 3228 1184 3286 minor.
1217 3217 1254 3308 [a.
1279 3216 1372 3305 1868]

225 3328 318 3405 praef.
340 3348 369 3406 p.
394 3327 436 3402 6).
481 3328 633 3388 Accedunt
660 3329 828 3406 fragmenta
849 3328 1050 3404 Argovensia,
1084 3328 1120 3386 de
1145 3328 1253 3405 quibus
1280 3346 1374 3404 nuper

225 3429 343 3488 rettulit
371 3428 455 3487 Hans
488 3429 574 3487 Wirz
606 3421 724 3506 (Herm.
751 3429 811 3488 XV
838 3449 867 3506 p.
890 3430 951 3488 437
980 3423 1070 3507 sqq.),
1104 3448 1229 3506 quorum
1260 3428 1374 3488 scholis

225 3531 314 3607 plane
338 3528 470 3588 eiusdem
496 3529 677 3590 recensionis
701 3536 777 3603 suut,
811 3531 894 3589 cuius
916 3529 1179 3606 Montepcssulana
1199 3535 1229 3589 et
1251 3526 1374 3604 Sangal-

224 3631 329 3690 lensia.

324 3729 400 3790 Huic
432 3730 613 3790 scholiorum
646 3732 815 3791 collectioni
836 3732 972 3809 proxima
1007 3732 1219 3808 simillimaque
1249 3749 1284 3788 ea
1306 3729 1373 3804 fuit,

150 3900 154 3912 ι
226 3850 284 3909 quo
310 3849 383 3889 usus
415 3835 460 3890 ost
483 3829 520 3890 G.
541 3831 641 3909 Valla,
673 3833 724 3909 qui
755 3831 848 3890 edidit·
876 3831 1051 3892 Iuvenalem
1078 3831 1209 3892 Venetiis
1241 3848 1268 3888 a.
1292 3828 1372 3886 1486

225 3936 369 4009 perpetuo
396 3932 573 3990 instructum
595 3933 814 4007 commentario,
846 3933 1047 4010 quamquain
1074 3930 1258 4008 praefatione
1281 3927 1374 3987 Probi

230 4129 428 4140 ———

328 4271 336 4302 ¹
356 4268 436 4324 Talia
455 4285 564 4338 quoque
583 4273 693 4324 exstare
713 4270 852 4325 neminem
871 4269 970 4340 fugiet,
994 4269 1042 4339 qui
1061 4269 1254 4338 catalogorum
1274 4265 1372 4320 editio·

224 4375 346 4427 numque
359 4357 511 4427 specimina
529 4358 613 4427 paulo
633 4357 796 4428 diligentius
810 4357 1014 4427 percensuerit;
1033 4357 1189 4412 accuratius
1201 4372 1268 4409 vero
1282 4357 1373 4408 totam

225 4445 298 4500 hanc
316 4463 376 4500 rem
395 4450 582 4501 tractaturum
601 4463 645 4500 me
662 4446 866 4515 prohibuerunt
890 4445 1002 4515 angusti
1025 4445 1073 4514 qui
1093 4460 1151 4501 esse
1169 4441 1272 4498 debent
1290 4441 1372 4496 huius

223 4533 313 4586 libelli
331 4533 407 4588 fines.
