3234 5038
804 390 820 444 3

239 572 426 652 grammatici
457 571 489 629 in
510 567 685 630 Iuvenalem
713 566 940 625 commentarios
968 569 1073 636 vocat;
1107 582 1144 622 ex
1175 562 1278 623 eodem
1310 561 1389 620 enim

238 675 320 732 fonte
360 672 491 730 maxima
532 670 595 728 aius
632 686 702 745 pars
738 667 839 739 fluxit,
878 683 935 742 quo
973 663 1088 723 scholia
1126 661 1390 740 Montepessulana

240 772 451 850 Sangallensia
473 769 672 847 Argovensia.
717 766 801 834 Quae
826 785 898 827 vero
926 766 1003 824 ratio
1031 765 1197 823 intercedat
1218 765 1296 822 inter
1316 763 1390 822 haec

240 880 270 934 et
279 875 386 936 Vallae
396 872 537 947 Probum,
562 870 729 930 accuratius
746 885 929 944 exponemus
946 865 1043 942 capite
1058 863 1147 923 huius
1169 864 1266 924 libelli
1288 865 1388 922 tertio.

706 1632 858 1719 clavo
891 1635 922 1717 Ι.

399 1897 457 1960 DE
481 1894 641 1961 OODIOE
663 1895 1070 1962 MONTEPESSVLANO
1093 1895 1148 1962 Nr.
1173 1896 1241 1959 125.

344 2111 441 2171 Huius
470 2111 599 2172 codicis¹
626 2113 840 2172 accuratiorem
867 2113 1108 2190 exactioremque
1134 2111 1271 2170 notitiam
1298 2109 1391 2170 debeo

243 2213 309 2273 viro
343 2212 515 2273 doctissimo
543 2221 572 2273 et
605 2233 677 2291 erga
704 2233 751 2272 me
782 2214 1066 2275 benevolentissimo
1101 2213 1141 2272 M.
1164 2213 1309 2286 Boouata,
1341 2213 1394 2288 qui

244 2333 290 2373 me
314 2314 350 2373 de
371 2315 530 2391 permultis
554 2315 617 2373 eius
640 2315 726 2392 loeis,
755 2313 791 2372 de
813 2313 943 2376 diversis
964 2314 994 2372 in
1018 2332 1052 2373 eo
1074 2314 1211 2372 manibus
1233 2311 1392 2388 interpola·

154 2440 159 2448 ¹
245 2415 377 2474 tionibus
399 2415 644 2492 inscriptionibus
668 2433 782 2474 summa
803 2413 986 2473 humanitate
1004 2413 1221 2491 diligentiaque
1237 2414 1393 2473 certiorem

245 2515 330 2589 fecit3
362 2516 409 2575 oui
436 2516 502 2576 viro
531 2517 641 2593 optime
664 2515 699 2574 de
722 2535 769 2574 me
793 2516 900 2574 merito
922 2515 979 2576 hoc
1003 2515 1068 2574 loco
1091 2515 1188 2574 laetus
1210 2515 1317 2574 lubens
1340 2533 1392 2590 pu·

243 2617 337 2676 blitas
361 2635 417 2693 ago
440 2617 563 2694 gratias.

344 2716 495 2795 Scriptum
528 2737 592 2776 esse
626 2717 757 2776 codicem
792 2718 823 2775 in
855 2716 1034 2775 monasterio
1062 2714 1310 2775 Laureshamensi
1343 2725 1394 2776 aut

246 2823 324 2876 certe
346 2818 398 2877 diu
428 2820 506 2877 inter
527 2818 622 2878 libros
645 2819 708 2876 eius
734 2818 827 2876 fuisse
854 2821 1003 2875 testantur
1026 2814 1099 2875 haec
1126 2816 1230 2890 verba,
1265 2819 1392 2894 quaein

245 2918 351 2977 ultima
372 2919 483 2996 pagina
505 2923 623 2977 exstant
644 2937 732 2976 manu
755 2918 866 2976 saeculi
887 2915 934 2975 IX
956 2917 1007 2977 vel
1029 2916 1059 2975 X
1081 2917 1207 2993 scripta:

498 3043 596 3104 Cedat·
616 3022 661 3104 am
680 3041 872 3104 NAZmI
891 3044 1035 3103 Marttro'e
1055 3037 1140 3111 >llll²

249 3224 443 3233 -.—-—-—--

346 3365 355 3396 ¹
379 3363 420 3419 Cf.
439 3364 594 3435 catalogue
616 3365 729 3434 general
753 3365 801 3418 des
824 3365 993 3419 manuscrits
1015 3366 1064 3419 des
1088 3364 1293 3434 bibliotheques
1316 3367 1394 3435 publ.

246 3452 293 3505 des
313 3451 519 3522 deportemeuta
539 3456 607 3506 tom.
623 3452 635 3503 I
654 3469 682 3520 p.
696 3452 748 3505 330
759 3469 800 3520 sq.

349 3542 360 3574 ²
379 3539 515 3595 Secuntur
534 3541 563 3594 iu
582 3540 676 3594 codiee
689 3540 718 3592 hi
731 3557 827 3593 versus
849 3539 955 3609 scripti,
972 3539 996 3593 si
1013 3557 1069 3593 non
1083 3541 1171 3609 prius,
1190 3545 1220 3594 at
1236 3539 1394 3595 saeculoX:

320 3628 376 3698 Qui
393 3629 468 3697 cupit
487 3629 558 3684 bunc
575 3629 672 3682 librum
692 3629 796 3682 siba'mct
814 3629 972 3682 contendere
986 3629 1107 3697 primum

319 3715 376 3770 Ha'c
393 3716 566 3788 slepetonmoa
579 3717 705 3786 patietur
723 3715 806 3784 (corr.
826 3716 855 3769 in
872 3715 1013 3786 potiatur)
1033 3715 1214 3788 &sulphure
1230 3716 1362 3784 flammae.

247 3802 336 3857 Iidem
354 3821 450 3859 versus
468 3806 552 3875 paulo
571 3805 690 3859 inferius
708 3805 812 3858 iterum
829 3805 968 3875 leguntur.
1007 3804 1134 3858 Ceterum
1154 3804 1187 3860 cf.
1206 3805 1395 3859 ‘Breviarium

249 3890 333 3945 Godd.
346 3893 508 3946 monasterii
522 3892 548 3947 S.
562 3892 675 3947 Nazarii
694 3892 723 3945 in
736 3891 869 3946 Lauriesa
888 3910 935 3946 seu
948 3892 1193 3947 Laureshameueia
1210 3893 1246 3947 ad
1258 3892 1396 3962 Rhenum,

248 3995 282 4031 ex
305 3984 466 4048 pervetusto
492 3980 586 4036 codice
610 3980 796 4034 bibliothecae
820 3979 1145 4049 Palatinae-vaticanae,
1174 3981 1223 4048 qui
1250 3980 1305 4034 fuit
1328 3980 1396 4032 olim

250 4066 372 4121 eiusdem
399 4069 577 4124 monasteriI'
605 4068 710 4122 editum
739 4067 775 4122 ab
798 4070 833 4121 A.
850 4068 925 4122 Maio
945 4067 1074 4139 Spicileg.
1089 4067 1207 4123 Rom.V
1224 4085 1251 4138 p.
1270 4069 1319 4122 161
1336 4085 1398 4136 sqq.

248 4157 277 4208 et
294 4154 459 4210 Wilmanns.
478 4173 548 4210 mus.
567 4155 656 4210 Rhen.
677 4153 770 4207 XXIII
789 4171 817 4224 p.
835 4156 896 4209 391.
927 4155 971 4209 lbi
990 4156 1063 4210 enim
1083 4156 1151 4210 haec
1171 4155 1314 4225 leguntur:
1334 4154 1397 4208 Lib.

248 4241 383 4298 duvenaldo
406 4248 492 4313 poete.
517 4273 549 4283 -
573 4243 635 4299 Non
664 4242 752 4312 igitur·
780 4242 877 4296 debuit
907 4243 1000 4297 omitti
1029 4243 1075 4298 hic
1102 4243 1190 4298 codex
1218 4261 1235 4297 a
1261 4243 1321 4297 Val.
1350 4243 1396 4294 Al.

250 4328 297 4383 Fr.
315 4329 395 4398 Falli,
423 4331 472 4400 qui
491 4331 521 4384 in
539 4331 622 4399 libro,
647 4332 695 4400 qui
714 4331 865 4401 inscriptus
889 4335 943 4385 cst:
974 4331 1138 4386 Geschichte
1156 4332 1204 4385 des
1222 4328 1396 4400 ehemaligen

247 4416 374 4471 Klosters
387 4418 493 4473 Lorsch
506 4419 610 4488 (Mainz
626 4420 716 4488 1866),
736 4418 766 4471 in
779 4419 873 4472 adnot.
887 4418 962 4472 4911
980 4419 1016 4486 (p.
1030 4420 1081 4473 176
1093 4420 1166 4488 sqq.)
1185 4418 1321 4486 pretiosos
1340 4435 1396 4471 ma-

247 4507 404 4576 nuscriptos
429 4509 477 4577 qui
501 4509 567 4564 huie
594 4510 763 4564 monasterio
783 4509 937 4563 debeantur
955 4509 1042 4562 libros
1061 4525 1225 4563 enumerans
1244 4507 1335 4561 nostri
1353 4525 1396 4562 co·

248 4593 317 4649 dicis
336 4595 443 4651 nullam
462 4596 530 4651 tacit
549 4597 729 4651 mentionem.
