3234 5038
738 341 770 393 19

179 516 398 595 Persianosque
425 519 585 577 maximam
615 523 694 576 certe
720 524 835 595 partem
867 522 896 576 et
927 517 1048 594 plenum
1081 518 1161 594 qnod
1194 518 1330 596 sequitur

179 619 247 678 inde
270 639 287 678 a
305 641 334 696 p.
352 621 393 678 40
413 620 522 679 codicis
539 619 720 679 scholiorum
737 638 843 696 corpus
859 619 1026 696 descripsit.
1050 617 1236 678 Conveniunt
1251 619 1329 676 enim

178 719 251 778 haec
282 726 422 796 excerpta
447 740 512 779 cum
535 720 709 780 Pithoeanis
744 719 866 780 scholiis
889 720 962 778 satis
984 725 1131 793 accurate,
1163 720 1221 778 nisi
1250 719 1329 796 quod

179 820 320 879 librarius
347 819 495 879 interdum
524 827 575 880 aut
602 820 695 881 verba
721 820 810 897 paulo
839 820 977 878 licentius
1007 820 1135 879 mutavit
1164 825 1215 878 aut
1242 839 1329 897 quae·

181 921 247 980 dem
270 923 378 982 omisit.
423 922 459 981 Id
482 921 597 979 scilicet
618 920 703 978 initio
727 920 855 978 maxime
878 920 976 995 egisse
998 919 1126 994 videtur,
1148 925 1182 977 ut
1196 920 1328 994 haberet,

179 1023 256 1088 unde
279 1024 445 1100 explicaret
465 1041 514 1081 res
537 1020 588 1083 vel
610 1040 699 1081 voees
722 1021 782 1097 ipsi
802 1020 931 1096 ignotas,
956 1020 1077 1096 quaein
1093 1020 1226 1078 centonis
1242 1039 1328 1098 quem

180 1125 396 1200 conscripserat
408 1123 547 1184 versibus
562 1126 767 1194 occurrerent3
781 1140 848 1178 nam
859 1139 954 1197 pauca
964 1124 1079 1178 tentum
1095 1120 1191 1180 adfert
1207 1121 1329 1194 scholia,

180 1244 255 1300 quoe
272 1224 309 1282 ad
324 1225 405 1284 locos
421 1227 452 1283 in
468 1230 592 1283 centone
614 1243 672 1283 uon
696 1227 847 1281 exstantes
869 1222 1028 1298 pertinent.
1074 1218 1157 1287 Quae
1180 1219 1330 1279 addidisse

182 1343 247 1383 eum
276 1332 358 1403 puto,
390 1327 460 1403 quia
488 1325 550 1384 illis
572 1343 620 1382 res
643 1323 745 1400 aliquo
768 1322 855 1381 modo
889 1321 1033 1380 notabilis·
1064 1321 1192 1380 describi
1214 1322 1266 1382 vel
1286 1341 1330 1380 re·

184 1425 257 1484 ferri
271 1426 439 1486 videbatur.
483 1426 548 1484 Iam
571 1425 737 1484 adscribam
759 1443 808 1482 eas
829 1423 936 1482 horum
952 1428 1160 1500 excerptorum
1178 1421 1330 1496 lectiones,

182 1543 257 1601 quae
279 1546 296 1583 a
318 1525 462 1586 Iahniana
485 1526 667 1585 scholiorum
691 1526 819 1584 editione
842 1524 1014 1600 discrepant
1025 1521 1043 1582 ¹.

280 1645 309 1702 p.
327 1627 375 1686 31.
399 1626 492 1686 schol.
523 1626 559 1685 ad
582 1626 649 1686 Iuv.
666 1625 713 1685 VI
736 1626 814 1683 516:
855 1626 948 1684 Tiora
970 1625 998 1683 n'.
1021 1625 1182 1684 sacerdotis
1202 1624 1330 1683 babilam.

181 1728 261 1786 Nona
281 1759 322 1768 —
344 1727 421 1800 qnod
442 1727 566 1802 sriptura
587 1758 627 1766 -
650 1719 763 1786 *schol
788 1725 824 1783 ad
840 1725 886 1785 VI
903 1726 985 1783 462:
1008 1725 1181 1784 Panetnon
1202 1729 1253 1784 est
1274 1741 1330 1783 nee·

181 1829 314 1888 dieonea
336 1857 376 1866 —
396 1827 417 1884 i
438 1831 531 1886 calena
556 1857 596 1865 -
620 1827 713 1885 schol.
736 1825 773 1884 cd
796 1825 858 1886 VII
882 1827 958 1883 221:
986 1825 1121 1885 Cadurci.
1144 1825 1270 1898 Qaieian
1291 1855 1331 1864 —

183 1945 242 1986 esse
265 1947 322 1985 om.
345 1957 385 1968 -—
408 1928 518 1986 diolcos
539 1946 596 1985 om.
621 1956 660 1967 —
690 1925 783 1985 schol.
807 1925 844 1984 ad
867 1924 913 1984 VI
937 1926 996 1983 89:
1027 1923 1226 1998 Seprnenlolis.
1260 1925 1332 2000 Seq-

182 2031 280 2086 nnenta
301 2031 374 2085 nitio
396 2031 438 2086 cot
454 2028 588 2100 pendens
612 2059 649 2069 -—
666 2028 779 2086 latente
797 2056 832 2066 -
851 2026 945 2085 schol.
968 2025 1005 2084 ad
1025 2024 1104 2085 VIII
1121 2027 1200 2083 148:
1223 2025 1331 2084 lemma

182 2147 239 2186 om.
262 2116 427 2198 Safrtarnen
454 2131 496 2185 est
518 2156 558 2166 ·-
581 2129 651 2186 dnn
679 2123 691 2202 ΙΙ
715 2147 743 2204 p.
761 2128 808 2186 32.
832 2123 945 2214 reperii
967 2155 1004 2166 -
1028 2127 1152 2185 eeloeree
1173 2155 1213 2166 -
1239 2125 1331 2185 schol.

181 2227 217 2286 ad
240 2227 320 2288 VIII
344 2228 422 2286 155:
460 2229 574 2287 Robarn
606 2229 633 2286 ‚a
663 2229 814 2286 robustam
846 2223 967 2285 tnoeneei
1004 2228 1116 2299 rafam.
1177 2227 1272 2286 Unde·
1293 2257 1330 2265 -

183 2323 218 2362 *²
242 2328 335 2388 schol.
351 2327 388 2386 ad
403 2327 434 2384 X
451 2329 509 2384 129
526 2347 532 2384 :
555 2327 664 2385 lemma
684 2326 791 2386 scholii
808 2327 881 2386 editi
896 2328 989 2386 deest.
1023 2328 1214 2386 Demostenio.
1238 2327 1332 2386 Phil·

183 2429 287 2500 ippns
311 2459 352 2468 —
375 2427 585 2487 demosthenem
607 2431 676 2487 dori
697 2429 754 2487 eibi
785 2461 824 2468 —
855 2433 968 2502 sarapte
992 2449 1047 2487 cm.
1079 2459 1119 2469 --
1153 2421 1271 2486 *schoh
1294 2427 1331 2486 ad

183 2527 213 2584 X
238 2527 316 2587 130:
350 2527 458 2585 lemma
486 2527 592 2586 scholii
619 2528 691 2587 editi
719 2529 811 2588 deest.
846 2520 1022 2589 demostenes
1047 2529 1127 2600 fabri
1151 2529 1234 2600 filias
1260 2533 1332 2589 erat

183 2628 275 2687 schol.
298 2629 334 2687 ed
357 2628 437 2687 VIII
461 2629 518 2688 66:
545 2631 692 2703 Epiredio
715 2633 743 2689 .i.
768 2635 940 2690 naonnnto
965 2661 1001 2669 —
1026 2628 1118 2689 schol.
1142 2629 1180 2688 ed
1200 2629 1230 2687 X
1255 2631 1332 2688 168:

184 2727 279 2791 Pelleo
303 2731 331 2787 ,4.
355 2729 519 2788 olenandro
552 2749 659 2804 napae
681 2732 731 2804 qai
752 2732 786 2789 in
805 2731 881 2803 pelle
901 2732 1017 2789 cindato
1048 2730 1214 2824 macedonia
1245 2734 1334 2788 natas

184 2835 235 2888 est.
269 2829 363 2888 schol.
379 2829 416 2887 ed
430 2829 460 2886 X
478 2831 557 2889 199:
581 2831 745 2904 Modidiq;
767 2831 898 2902 Infantia
914 2833 988 2890 nasi.
1020 2831 1072 2888 Ito
1086 2831 1206 2889 senibus
1220 2863 1259 2873 -
1271 2849 1332 2890 een

183 2931 330 3002 anana·
356 2961 388 2968 -
417 2929 510 2989 schor.
528 2931 565 2988 aa
580 2931 628 2988 xi
644 2932 703 2990 ar:
727 2911 1093 2991 ΓΝωοθιοελΥΤοΝ.
1124 2932 1187 2990 Hoc
1209 2933 1335 2992 saerata

185 3059 222 3068 -
247 3046 307 3102 ape.
323 3023 336 3105 ΙΙ
351 3051 379 3106 p.
397 3032 445 3089 33.
490 3029 581 3090 schol.
615 3031 652 3088 ad
674 3031 755 3091 VIII
777 3033 855 3090 190:
897 3033 1067 3092 Triscnrrio
1090 3034 1119 3090 ,4.
1144 3037 1204 3092 tres
1225 3049 1332 3092 carras

183 3125 296 3189 nobilia
324 3130 444 3201 fohnloe
476 3135 591 3204 epentes
624 3133 732 3191 dictam
763 3134 833 3205 qnia
863 3145 907 3187 een
936 3133 1025 3191 stanni
1054 3137 1159 3192 enecent
1189 3130 1333 3206 (quamne

184 3229 290 3303 alequa
309 3234 482 3302 quaerentes
504 3227 583 3304 om).
618 3230 711 3290 schol.
741 3231 777 3289 ad
799 3231 848 3289 XI
865 3232 943 3290 126:
977 3233 1119 3291 Natobeo.
1148 3234 1232 3291 lacos
1252 3233 1336 3324 indn'p

183 3330 234 3387 nbi
255 3329 375 3399 elefanti
396 3333 568 3388 noscantur.
604 3329 697 3389 schol.
721 3330 757 3389 ed
780 3331 862 3389 XIII
880 3332 958 3390 167:
988 3331 1155 3390 Thraciam
1178 3333 1206 3389 ,a
1230 3333 1270 3390 od
1292 3361 1332 3370 -

185 3429 278 3488 schol.
300 3427 337 3486 ud
358 3428 440 3487 XIII
458 3431 537 3489 168:
560 3432 707 3504 Piqmene.
751 3431 823 3505 Qnis
846 3461 885 3472 -
904 3434 1035 3507 ptpnneos
1062 3461 1101 3470 -
1130 3432 1183 3491 boo
1204 3431 1334 3490 stodiam

185 3533 228 3588 est
261 3559 298 3568 -
333 3528 426 3588 schol.
453 3530 489 3588 ad
511 3529 596 3589 Pers.
619 3530 652 3588 II
669 3534 695 3590 1.
740 3531 801 3590 Hoc
823 3531 997 3590 Persienum
1021 3531 1169 3590 scholium
1191 3536 1280 3607 etque
1302 3530 1333 3589 id

187 3628 266 3706 quod
300 3631 434 3706 sequitur
467 3629 518 3704 (ad
541 3631 591 3689 III
614 3625 668 3708 40)
701 3632 814 3708 publici
846 3633 920 3691 iaris
955 3633 1027 3690 fecit
1048 3631 1181 3690 Wirzius
1214 3633 1235 3692 l.
1258 3652 1281 3691 c.
1305 3652 1333 3707 p.

184 3727 253 3788 447Ι
269 3729 336 3808 sq.³
372 3731 498 3809 Legitur
520 3738 618 3791 eutem
641 3734 671 3790 in
695 3732 757 3792 cod.
780 3752 838 3791 non
860 3738 894 3791 ut
915 3733 968 3792 ille
991 3732 1085 3791 edidit
1102 3733 1258 3803 sacrificor,
1282 3733 1333 3791 sed

185 3855 383 3866 ψ..-

288 3921 295 3951 ¹
320 3919 542 3988 Uniuscuiusque
565 3920 664 3975 scholii
687 3921 779 3988 prime
802 3921 888 3974 verba
914 3920 1023 3989 adfer03
1052 3937 1067 3973 e
1092 3921 1222 3974 lemmate
1245 3920 1334 3990 igitar
1372 3951 1374 3954 -

185 4004 283 4058 scholii
303 4006 371 4060 editi
390 4006 413 4059 si
432 4024 503 4075 quae
522 4008 630 4072 desunt,
653 4026 710 4062 non
728 4025 856 4076 expresse
873 4026 980 4063 moneo.
1017 4009 1159 4064 Asterisco
1178 4026 1211 4062 ca
1228 4009 1334 4062 scholia

185 4096 374 4161 notatarum,
403 4111 473 4164 quae
493 4095 528 4149 ad
546 4097 620 4151 locos
638 4096 667 4148 in
686 4101 804 4150 centone
823 4114 879 4150 non
898 4100 1038 4150 exstantes
1057 4098 1207 4165 pertinent.
1232 4127 1265 4136 -
1286 4096 1334 4150 Ce-

184 4183 277 4232 terum
295 4181 329 4234 de
348 4181 391 4235 his
411 4183 550 4251 excerptis
570 4182 604 4238 cf.
624 4183 707 4237 Wirz.
727 4184 744 4236 l.
765 4200 787 4237 c.
809 4200 836 4252 p.
850 4185 902 4237 445
914 4201 954 4252 sq.

286 4270 296 4300 ²
314 4269 417 4324 Exstat
436 4271 465 4324 in
484 4277 600 4326 centone
619 4273 679 4325 Iuv.
699 4271 724 4324 X
745 4272 805 4325 114.

286 4355 297 4388 ³
316 4356 421 4412 Eadem
440 4359 545 4414 scholia
564 4363 592 4413 et
611 4359 640 4412 in
661 4359 721 4414 eod.
733 4360 821 4414 Mont.
838 4361 888 4414 125
908 4362 1018 4431 exstant
1039 4359 1086 4425 (cl.
1100 4377 1126 4428 p.
1144 4359 1176 4411 14
1186 4355 1237 4424 sq.)
1257 4358 1283 4407 et
1304 4354 1333 4406 iu

186 4440 238 4496 hoc
257 4442 317 4511 ipso
340 4445 434 4500 codice
457 4447 543 4514 paulo
567 4447 684 4500 inferius
702 4466 729 4515 p.
743 4449 778 4500 38
789 4465 829 4516 sq.
850 4447 941 4500 denuo
966 4447 1097 4517 leguntur
1123 4441 1278 4499 accuratius
1302 4444 1334 4493 ut

185 4529 297 4584 videtur
315 4531 455 4601 descripta
474 4551 535 4589 cum
555 4535 618 4588 aliis
636 4534 776 4589 Persianis
796 4533 845 4603 (cf.
866 4533 941 4589 infre
960 4551 988 4602 p.
1003 4534 1057 4602 22).
