3234 5038
840 250 874 304 32

281 426 354 497 fert
389 429 531 500 opimio:
568 429 700 488 libamine
735 429 830 488 coadi-
884 432 911 487 et
940 429 1059 488 deliciae
1086 427 1226 503 Amasti,
1258 433 1310 490 sed
1336 433 1362 490 et
1387 447 1433 490 ne-

283 528 373 586 tionis
394 545 428 586 ae
449 527 503 586 sab
526 528 642 588 Nerone
664 529 831 588 delatores,
883 530 1017 603 quissimi
1038 529 1192 590 delatores.

283 627 395 687 latiam
415 629 510 701 inquit
527 629 639 701 molas
661 629 746 701 quasi
764 645 830 687 can·
883 630 1015 690 Latmus
1058 633 1153 690 autem
1196 632 1303 690 mimus
1346 631 1432 705 quasi

282 730 360 787 seim
406 730 618 788 adulteriorum
659 730 831 788 messalinae
882 731 1014 789 emacim
1064 731 1206 790 adulterii
1249 731 1433 791 Messalinae

282 830 391 887 accisas
412 833 454 886 est
476 848 495 888 a
521 828 655 888 (imadio.
700 828 832 887 Tlimele
881 831 971 888 acori
998 830 1128 890 Neronis
1160 833 1196 890 ab
1229 833 1292 904 ipso
1321 833 1432 890 moises

281 929 403 1003 recolat
420 930 611 988 Heliodorum
626 929 830 1001 ipsnmreum·
882 934 933 988 est.
956 931 1062 990 Massa
1086 936 1181 990 autem
1204 935 1231 990 et
1254 929 1349 990 Caras
1371 931 1430 988 He·

282 1046 336 1103 que
342 1030 480 1102 placabat
495 1030 651 1089 adulteriis
662 1031 740 1088 ande
751 1047 831 1088 mae·
883 1032 995 1091 liodoro
1032 1032 1177 1103 defermte
1214 1032 1300 1090 occisi
1335 1033 1430 1089 suat.

282 1131 364 1188 tialis
388 1125 416 1204 (I
439 1133 468 1201 4,
492 1132 510 1190 5
533 1128 602 1206 sq).
644 1128 709 1203 Quo
733 1131 830 1188 tllme·
881 1133 964 1189 caius
978 1131 1112 1203 saturam
1127 1133 1300 1190 delationem
1314 1132 1357 1189 ita
1374 1147 1430 1188 me·

281 1231 336 1289 lem
370 1234 482 1303 spectas
516 1231 730 1302 derisoremque
764 1229 830 1288 loti·
882 1232 1007 1301 tnelant‚
1041 1237 1074 1290 ut
1100 1234 1126 1290 ei
1153 1247 1276 1290 munera
1301 1232 1429 1289 dorent.

280 1347 351 1388 num
365 1375 370 1387 .
383 1330 437 1389 illa
458 1330 557 1400 fronte
577 1347 679 1402 pomer
698 1333 832 1390 carmina
881 1347 951 1390 mam
962 1331 1092 1390 Latinas
1110 1333 1214 1390 mimm
1231 1330 1431 1404 Ibumeleaem

280 1433 383 1488 nostra
405 1430 493 1503 lenas.
881 1433 999 1490 mimam
1015 1433 1213 1491 summittebat
1235 1430 1276 1489 ad
1293 1430 1430 1503 miliana·

882 1532 959 1590 dam.

380 1647 427 1705 Ex
462 1646 518 1706 hoc
551 1647 687 1724 exemplo
717 1648 790 1705 satis
825 1666 972 1725 superque
994 1648 1131 1724 intellegi
1164 1654 1246 1725 puto,
1281 1666 1340 1725 qna
1361 1646 1429 1721 fide,

280 1749 369 1806 immo
394 1767 451 1824 qua
473 1749 594 1807 licentia
617 1747 706 1808 Valla
729 1748 820 1806 Probi
842 1750 1106 1825 interpretamenta
1128 1749 1333 1826 usurpaverit;
1362 1767 1429 1823 gra·

279 1849 435 1909 vissimum
457 1859 554 1907 autem
577 1849 686 1907 crimen
711 1849 800 1906 simul
828 1850 856 1906 in
880 1848 967 1907 illum
988 1848 1166 1908 intenditur:
1199 1850 1256 1908 sibi
1279 1849 1357 1906 enim
1380 1848 1429 1906 ad·

281 1951 393 2024 scribit,
417 1970 492 2028 quae
514 1950 604 2009 Probi
632 1955 709 2018 suut,
743 1969 809 2008 eum
831 1950 904 2008 dicit
924 1944 970 2009 ‘ut
993 1969 1059 2008 mea
1081 1950 1141 2008 fert
1163 1945 1281 2026 opinio’.
1325 1948 1368 2007 At
1391 1948 1428 2006 de

279 2051 419 2110 libertina
440 2051 558 2109 Maurae
586 2049 654 2110 Gari
681 2049 780 2108 Latini
810 2050 981 2110 condicione
1011 2070 1157 2127 nusquam
1184 2050 1257 2109 alibi
1287 2050 1429 2108 traditum

279 2156 325 2209 est
352 2152 513 2229 quidquam
541 2152 600 2208 nisi
627 2151 657 2208 in
686 2151 798 2210 scholio
828 2150 1023 2210 Iuvenaliano
1052 2170 1143 2228 supra
1171 2151 1280 2210 adlato.
1325 2151 1428 2228 Neque

278 2272 383 2314 verum
399 2258 444 2310 est
457 2259 519 2310 tres
534 2251 604 2310 illos
620 2250 754 2310 hemines
777 2252 832 2310 sub
848 2251 989 2311 Nerone
1013 2251 1161 2312 delatores
1183 2252 1276 2310 fnisse
1293 2248 1343 2322 (ci.
1359 2251 1427 2312 Tac.

279 2353 382 2428 Agric.
406 2372 430 2411 o.
453 2353 504 2411 45.
532 2351 602 2409 hist.
626 2351 671 2410 IV
693 2353 742 2410 50.
776 2351 869 2410 schol.
892 2352 971 2411 Pitb.
994 2352 1030 2410 ad
1053 2352 1120 2412 Inv.
1143 2352 1190 2412 IV
1212 2350 1265 2425 53)
1277 2349 1295 2426 ¹,
1331 2370 1427 2429 neque

282 2499 473 2506 ..—-.—-.-.—.

380 2598 389 2628 ¹
410 2596 513 2650 Totum
530 2597 584 2652 hoa
602 2597 738 2651 scholium
756 2597 838 2667 nugis
857 2602 897 2650 est
917 2597 1064 2651 refertum:
1085 2597 1200 2652 Traiani
1219 2617 1328 2660 nomen,
1349 2599 1424 2667 quod

278 2686 352 2754 apud
363 2685 470 2739 Vallem
484 2685 606 2753 additur,
625 2686 696 2739 sicut
714 2686 744 2738 in
762 2684 866 2739 scholio
886 2684 921 2738 ad
933 2685 946 2738 Ι
958 2687 1001 2751 33,
1020 2685 1060 2738 ita
1073 2685 1119 2739 hic
1131 2685 1202 2739 falso
1216 2686 1352 2739 intrusum
1370 2693 1425 2754 est;

277 2774 378 2826 mirum
404 2791 470 2827 vere
493 2773 613 2826 maxime
638 2777 679 2826 est
698 2790 788 2841 neque
814 2773 948 2827 credibile
966 2773 1094 2834 Massam,
1119 2773 1232 2827 Africae
1252 2779 1280 2828 et
1296 2774 1426 2829 Baeticae

276 2867 487 2930 procuratorem
513 2862 591 2914 illum
611 2861 805 2915 avarissimum
823 2866 852 2915 et
870 2861 1024 2916 delatorem
1043 2862 1242 2929 saevissimum,
1271 2863 1425 2917 morionem

277 2950 362 3004 fuisse
390 2954 474 3017 atque
502 2949 611 3010 Carum,
641 2947 855 3003 famosissimum
878 2949 1012 3003 Herennii
1039 2948 1198 3004 Senecionis
1227 2955 1425 3016 accusatorem,

276 3057 389 3107 nauum,
408 3053 574 3107 quamquam
594 3036 646 3091 hoc
664 3037 707 3091 bis
724 3055 740 3090 a
755 3037 905 3091 scholiasta
918 3036 1061 3090 adfirmari
1074 3037 1186 3091 videtur
1199 3036 1244 3105 (ci.
1257 3038 1342 3092 verba
1355 3055 1425 3106 quae

277 3130 420 3180 secuntur:
449 3126 477 3179 lei
503 3141 593 3179 omnes
704 3166 709 3178 .
730 3127 864 3192 firmant.
886 3165 892 3178 .
915 3166 920 3178 .
941 3168 947 3178 .
970 3117 1080 3180 deliciae
1107 3125 1260 3195 Anqustis).
1300 3125 1354 3178 Sed
1381 3125 1424 3179 fac

279 3213 456 3267 scholiastam
481 3213 549 3266 alies
573 3213 698 3266 homines
721 3230 752 3266 ac
776 3213 856 3266 nobis
883 3229 997 3281 prorsus
1018 3213 1129 3283 ignotos
1148 3213 1274 3283 intellegi
1293 3214 1424 3267 voluisse:

277 3299 334 3354 iam
357 3298 428 3354 alins
451 3301 653 3354 insimulandus
676 3305 718 3354 est
741 3303 852 3368 erroris,
882 3302 1013 3369 quoniam
1032 3301 1169 3354 Iuvenalis
1188 3301 1300 3369 quidem
1318 3302 1425 3355 nobiles

277 3388 326 3442 hcs
355 3406 424 3456 quos
448 3407 532 3458 supra
557 3389 716 3457 scripsimus
740 3390 815 3443 viros
839 3390 919 3444 dixit.
957 3387 1032 3456 Quae
1056 3390 1110 3442 iam
1138 3394 1269 3443 secuntur
1292 3390 1425 3457 (Latinas

277 3481 366 3530 autera
385 3507 417 3515 —
435 3477 516 3532 maisi
535 3477 619 3547 sunt),
639 3481 734 3545 aperte
754 3483 818 3532 sunt
836 3477 918 3544 falsa3
939 3495 1010 3546 quae
1029 3479 1103 3532 enim
1116 3478 1151 3532 de
1168 3479 1253 3531 mimo
1265 3481 1424 3545 narrantur,

276 3582 332 3618 non
351 3565 387 3618 ad
406 3565 547 3632 Latinum,
566 3565 614 3619 sed
633 3565 668 3618 ad
686 3565 825 3618 Mnesteus
843 3566 986 3634 pertinent
1004 3564 1052 3635 (el.
1070 3565 1134 3621 Tac.
1148 3584 1212 3620 ann.
1230 3565 1269 3618 XI
1280 3565 1333 3634 36).
1353 3565 1423 3619 Nam

276 3670 365 3720 neque
389 3670 451 3706 cum
471 3652 572 3707 Paride
589 3653 734 3721 histrione,
761 3654 809 3722 qui
828 3653 924 3708 floruit
942 3654 992 3708 sub
1011 3653 1121 3708 Nerone
1140 3653 1183 3720 (cf.
1203 3653 1276 3733 Sqet.
1296 3652 1360 3707 Ner.
1380 3653 1423 3704 54.

278 3740 350 3794 Cass.
370 3740 451 3794 Dion.
470 3741 562 3794 LXIII
576 3743 626 3808 18),
649 3758 738 3810 neque
757 3759 820 3796 cum
840 3741 941 3796 Paride
959 3741 1139 3811 pantomimo,
1166 3742 1214 3810 qui
1234 3741 1310 3794 iussu
1328 3739 1422 3793 Domi-

275 3828 346 3882 tiani
365 3828 394 3881 in
412 3828 504 3883 media
516 3829 562 3882 via
574 3829 737 3884 interfectus
757 3834 799 3884 est
817 3829 861 3897 (cf.
874 3830 946 3884 Cass.
957 3829 1037 3884 Dion.
1049 3829 1153 3882 LXVII
1166 3833 1191 3884 3.
1205 3828 1280 3884 Suet.
1293 3828 1372 3882 Dom.
1385 3826 1423 3897 3),

276 3916 410 3971 Latinum
439 3934 497 3970 esse
526 3917 670 3972 confusum
700 3919 908 3973 demonstratur
938 3923 966 3972 et
988 3919 1100 3972 nomine
1122 3918 1286 3972 Messalinae
1312 3920 1340 3970 et
1363 3916 1425 3984 ipso

276 4004 403 4072 crimine,
422 4006 626 4074 propterquod
640 4007 744 4060 occisus
764 4024 821 4060 esse
839 4006 942 4061 dicitur
959 4007 1052 4075 (quasi
1072 4007 1225 4062 comecias
1244 4003 1373 4058 adulterii
1382 4001 1423 4056 M.

275 4093 378 4147 occisas
398 4093 462 4160 est);
489 4093 563 4147 unde
587 4093 752 4163 corrigenda
771 4100 843 4156 sunt,
872 4112 943 4163 quae
966 4094 1078 4148 disserit
1096 4093 1142 4147 Fr.
1163 4091 1282 4146 Strauch
1305 4092 1339 4145 de
1362 4107 1423 4159 per·

276 4181 350 4235 sonis
367 4182 554 4238 Iuvenalianis
572 4198 599 4250 p.
618 4183 661 4235 37.
699 4182 816 4236 Neronis
845 4187 937 4236 autem
965 4199 1075 4250 nomen,
1105 4182 1176 4235 sicut
1195 4181 1256 4234 aliis
1276 4179 1343 4233 locis
1361 4195 1422 4247 per·

275 4270 381 4338 multis,
399 4271 439 4325 ita
457 4270 511 4325 hoc
529 4269 599 4323 falso
618 4268 741 4338 positum
760 4273 811 4337 est,
830 4272 913 4337 atque
933 4269 979 4323 hic
999 4268 1110 4336 quidem
1123 4286 1175 4337 pro
1187 4266 1330 4334 ‘Claudii'3
1350 4265 1424 4334 qnod

275 4373 445 4426 quamquam
472 4358 502 4411 in
528 4358 620 4412 Probo
650 4357 789 4412 exstitisse
806 4357 886 4411 Valla
913 4358 1012 4412 testari
1040 4356 1161 4425 videtur,
1190 4361 1284 4411 tamen
1313 4354 1342 4408 id
1371 4371 1422 4423 pro

276 4445 395 4500 Neronis
417 4445 530 4500 nomine
553 4446 583 4499 in
607 4446 714 4501 edendo
741 4445 794 4501 hoc
812 4444 917 4502 scholio
936 4445 1104 4502 substituere
1122 4444 1205 4500 valde
1220 4444 1328 4508 dubito,
1358 4442 1423 4511 quie
