3234 5038
739 365 813 448 ,u

224 564 296 605 vero
318 543 490 604 huiusmodi
523 545 674 604 scholica
700 542 822 603 Cornuti
855 549 1020 604 commemo
1053 543 1227 621 deprompto
1260 563 1325 603 esse
1345 549 1373 603 et

223 646 352 705 fortasse
382 664 470 704 manu
500 645 665 724 posteriore
688 644 789 703 addita
810 643 920 704 Vallae
950 645 1029 703 libro
1052 643 1170 703 vihtatc
1203 663 1304 703 eorum
1325 643 1372 702 de·

146 761 149 768 ·
224 751 407 805 monstratur
428 751 518 824 atque
539 745 737 806 multitudine.

325 847 431 906 Restat
452 853 495 921 ut,
531 865 606 925 quae
628 846 793 906 intercedat
814 847 891 906 ratio
919 847 997 906 inter
1019 847 1138 923 singula
1167 847 1282 906 scholia
1304 851 1372 906 satt.

225 947 284 1006 III.
306 947 361 1008 IV.
382 947 436 1008 VI.
459 947 539 1008 VIII
551 947 716 1007 Pithoeana
739 953 768 1006 et
790 940 824 1007 ee
838 947 979 1007 Valliene
1001 949 1273 1024 interpretamenta,
1298 966 1373 1024 quae

225 1049 375 1108 cumillis
398 1049 499 1126 aliquo
522 1049 608 1107 modo
632 1048 818 1122 convenient,
843 1053 1016 1107 statuamus.
1061 1048 1162 1124 Atque
1181 1047 1231 1106 hic
1253 1066 1372 1125 quoque

224 1149 303 1208 idem
335 1149 482 1223 videmus,
514 1148 593 1226 quod
615 1150 644 1207 in
667 1148 742 1208 locis
773 1167 863 1225 supra
886 1169 914 1224 p.
939 1151 978 1207 36
998 1149 1146 1208 tractatis:
1181 1149 1374 1208 inveniuntur

227 1250 354 1324 scholia,
398 1269 524 1328 quorum
556 1249 719 1326 particulae
752 1249 824 1308 satit
855 1268 966 1324 graves
1000 1268 1170 1326 nouumque
1205 1248 1372 1306 adferentes

224 1351 302 1427 apud
323 1350 444 1410 Vellem
474 1349 692 1423 desiderantum
727 1349 872 1409 eiusmodi
900 1350 1172 1426 interpretamentis
1202 1350 1232 1406 in
1260 1349 1373 1407 tabulis

224 1452 335 1511 nostris
358 1449 432 1509 hece
454 1457 524 1511 nota
536 1459 549 1483 ⁰
564 1450 682 1528 adpicta
698 1457 754 1510 est.
777 1451 938 1509 Praeterea
953 1449 1024 1509 addi
1045 1455 1171 1526 possunt
1185 1450 1254 1509 huie
1269 1451 1373 1526 generi

223 1552 353 1628 plurima
380 1570 482 1610 eorum
507 1551 698 1628 scholiorum,
733 1571 809 1629 quae
836 1552 865 1609 iu
889 1551 1001 1610 tabulis
1028 1551 1095 1609 istis
1118 1550 1255 1609 columne
1277 1550 1373 1609 altere

224 1654 420 1711 eontinentur.
473 1651 581 1712 Contra
615 1653 688 1712 talia
720 1672 839 1730 quoque
867 1659 945 1730 sunt,
978 1672 1054 1730 queo
1087 1651 1222 1728 pleniora
1256 1656 1374 1710 exstent

223 1753 301 1831 apud
312 1753 434 1813 Vallem
456 1762 485 1810 et
506 1755 593 1814 novis
615 1754 705 1813 rebus
724 1759 824 1812 aucta:
847 1753 909 1811 illis
924 1753 1092 1830 adscriptus
1106 1758 1152 1811 est
1167 1753 1329 1811 asteriscus
1345 1746 1371 1810 *.

224 1855 324 1913 Pauca
358 1854 494 1931 deniquo,
530 1855 595 1911 sia
620 1853 723 1914 verbis
747 1853 892 1926 discedas,
927 1853 1005 1930 apud
1024 1853 1146 1913 Vellem
1178 1859 1208 1912 et
1237 1854 1267 1912 in
1288 1852 1372 1911 codd.

225 1953 319 2013 Mont.
341 1960 371 2013 et
385 1953 477 2029 Sang.
500 1954 589 2031 plane
612 1953 715 2013 eadem
738 1959 816 2012 sunt.
860 1954 938 2012 Nem
961 1954 996 2012 de
1018 1953 1120 2014 verbis
1144 1960 1173 2012 et
1194 1954 1372 2014 lectionibus

223 2057 431 2118 Vallianorum
463 2055 500 2114 ad
523 2060 591 2113 satt.
615 2053 673 2112 III.
697 2054 751 2114 IV.
775 2053 832 2114 VI.
856 2053 936 2113 VIII
965 2055 1295 2131 iuterpretamentorum
1328 2073 1371 2129 ee,

225 2177 301 2236 quae
322 2179 351 2235 p.
375 2159 414 2217 36
435 2157 573 2231 disserui,
596 2160 732 2232 repetere
754 2155 834 2215 nolo.

322 2259 366 2318 Ut
386 2259 479 2334 igitur
494 2260 553 2316 iam
567 2257 670 2333 paucis
687 2260 820 2313 nostram
837 2255 872 2314 de
884 2255 992 2315 Veliae
1007 2256 1084 2314 libro
1101 2255 1277 2314 sententiam
1295 2274 1371 2314 oom-

223 2357 455 2434 prchendemus:
472 2358 502 2415 in
516 2357 573 2416 hoo
588 2355 687 2416 codice
701 2356 854 2416 Iuvenalis
870 2358 979 2415 saturis
995 2356 1145 2433 adscripta
1160 2361 1245 2414 erant
1260 2355 1373 2415 scholia

224 2459 308 2517 initio
331 2459 581 2536 frequentissima,
615 2457 721 2516 deinde
742 2459 932 2533 renascentia,
963 2458 995 2516 in
1016 2477 1107 2518 versu
1131 2459 1190 2516 198
1214 2463 1269 2517 sat.
1292 2457 1372 2518 VIII

223 2561 311 2637 plene
335 2559 510 2618 deficientia.
551 2559 735 2637 Deprompta
754 2564 854 2618 autem
876 2565 961 2618 crant
982 2561 1096 2636 primae
1116 2566 1150 2618 ut
1171 2559 1292 2619 videtur
1312 2580 1371 2618 ma-

158 2716 164 2732 ,
222 2680 277 2719 nus
301 2660 415 2719 scholia
435 2679 473 2719 ex
493 2660 615 2737 antiquo
638 2660 693 2719 illo
716 2661 926 2719 commentario
949 2661 1061 2718 saeculi
1083 2661 1191 2737 quarti,
1216 2680 1305 2738 equo
1320 2661 1371 2719 Pi-

223 2759 349 2818 thoeaua
372 2759 486 2817 scholia
519 2765 659 2836 excerpta
682 2765 752 2817 sunt
781 2761 818 2817 ab
842 2759 900 2818 alio
923 2759 1061 2832 homIne3
1098 2781 1156 2838 quo
1184 2761 1370 2836 factumest,

222 2865 256 2917 ut
284 2865 313 2916 et
341 2859 538 2917 eProbianis
572 2860 716 2936 quaedam
744 2861 775 2918 in
798 2859 971 2919 Pithoeanis
1005 2867 1034 2919 et
1061 2862 1273 2921 ePithoeanis
1300 2881 1371 2920 non·

222 2960 305 3019 nulla
326 2959 523 3037 epudVelIae
545 2961 676 3020 Probum
699 2961 914 3020 desiderentur.
938 2961 1047 3020 Postea
1069 2982 1141 3023 vero
1163 2964 1292 3021 fortasse
1312 2962 1372 3021 alia

222 3079 310 3118 mauu
334 3060 452 3119 additae
475 3079 675 3138 supervenere
698 3062 817 3137 glossae
847 3067 936 3139 atque
969 3062 1082 3122 scholia
1104 3063 1261 3123 deterioris
1282 3069 1370 3123 notae

221 3160 397 3238 deprompta
425 3180 440 3219 e
469 3160 592 3221 Cornuti
621 3163 830 3222 commentario
858 3162 937 3221 haud
963 3183 1066 3240 pauca.
1111 3165 1161 3223 Ad
1189 3164 1371 3224 emendanda

222 3268 321 3321 eutem
343 3262 508 3322 Pithoeana
532 3263 646 3321 scholia
669 3264 784 3340 siquis
814 3263 885 3323 haec
908 3265 1015 3324 Vallae
1038 3266 1300 3342 interpretamenta
1321 3265 1370 3324 ad·

220 3361 371 3422 bibiturus
387 3370 441 3438 est,
464 3384 579 3424 summa
601 3384 675 3441 opus
700 3371 746 3423 est
766 3366 901 3424 oasitione
923 3372 1046 3442 propter
1068 3367 1219 3425 licentiam
1241 3368 1369 3426 maxime

221 3462 329 3522 Vallae
360 3466 490 3524 nimiam.
534 3465 616 3524 Haeo
645 3465 671 3523 si
700 3466 921 3541 comparaveris
950 3485 1016 3524 cum
1050 3467 1108 3539 eis,
1144 3485 1220 3544 quae
1248 3466 1369 3524 Iahnius

220 3564 310 3640 proll.
332 3564 369 3622 ed
392 3565 476 3624 Pers.
498 3586 527 3641 p.
552 3563 646 3625 CLVI
668 3566 704 3625 de
725 3566 818 3625 Probi
840 3565 962 3625 scholiis
984 3567 1105 3644 iudicat,
1141 3587 1194 3626 nos
1217 3566 1296 3625 haud
1319 3566 1369 3624 ad-

222 3663 341 3723 modum
363 3665 400 3723 ab
424 3684 458 3724 eo
481 3666 639 3725 dissentIre
662 3667 788 3727 videbis.

221 3939 369 3998 heldenses
389 3948 498 3998 tantum
517 3947 623 4002 codices
642 3947 818 4018 inrepserint.
856 3949 888 4003 Id
909 3968 975 4005 vero
995 3951 1161 4006 contendere
1180 3951 1246 4007 licet
1264 3951 1298 4019 ei,
1318 3951 1367 4020 qni

222 4029 377 4086 Pithoeana
404 4033 510 4088 scholia
539 4035 630 4090 denuo
658 4037 783 4091 editurus
811 4038 856 4104 ait,
885 4056 941 4092 non
965 4039 1151 4108 neglegendos
1175 4057 1233 4093 esse
1261 4039 1367 4094 codices

221 4135 310 4187 nequa
336 4117 484 4175 Leidenses
512 4121 562 4175 hos
584 4141 674 4191 neque
696 4125 765 4178 alios
788 4125 855 4180 satis
882 4127 984 4180 multos
1013 4131 1044 4180 ut
1063 4127 1183 4195 videtur,
1213 4128 1242 4180 in
1268 4128 1368 4195 quibus

222 4208 336 4262 Cornuti
366 4209 410 4264 vel
437 4210 523 4263 simili
553 4215 708 4266 commento
737 4213 862 4268 admixta
886 4218 951 4267 suut
972 4216 1076 4269 scholia
1095 4216 1266 4283 antiquiora;
1298 4232 1320 4268 e.
1340 4233 1367 4284 g.

220 4296 333 4350 nomino
359 4297 420 4352 eod.
445 4297 604 4352 Gudianum
625 4300 755 4354 biblioth.
778 4300 1012 4370 Guelferbytanae
1035 4319 1077 4356 nr.
1100 4303 1150 4354 156
1166 4302 1195 4362 1.,
1214 4302 1248 4355 de
1267 4318 1321 4369 quo
1340 4321 1367 4357 v.

222 4379 317 4449 Leipz.
336 4383 544 4440 LIteraturzeit.
569 4405 593 4440 a.
618 4388 688 4441 1830
709 4405 736 4457 p.
760 4390 828 4442 2192
854 4388 900 4456 (el.
925 4389 1007 4442 huius
1030 4389 1096 4442 libri
1119 4389 1203 4442 schol.
1222 4389 1258 4443 ad
1280 4389 1367 4458 133),

220 4470 331 4610 ethcod.
356 4470 515 4526 Palatinum
534 4473 700 4530 Vaticanum
724 4493 766 4529 ur.
789 4475 923 4530 1701f01.
949 4494 1018 4530 saec.
1037 4477 1071 4545 X,
1095 4476 1130 4530 de
1154 4493 1209 4544 quo
1232 4478 1266 4530 A.
1286 4475 1367 4530 Elter

219 4557 258 4610 mi
279 4557 289 4611 i
307 4559 426 4613 rettulit.
