3234 5038
275 1858 471 1866 .....-———

275 2013 370 2069 torum
388 2012 407 2066 i.
423 2011 600 2081 pupillarum.
619 2011 747 2066 Persicus
763 2011 907 2079 proprium
930 2009 1033 2080 pupilli
1056 2009 1185 2080 elepantia
1207 2013 1233 2064 et
1254 2008 1352 2063 nabilis
1373 2013 1423 2062 aut

273 2107 343 2156 certe
364 2101 425 2156 idea
444 2100 579 2169 persicum
602 2115 653 2168 pra
675 2099 759 2153 divite
781 2099 874 2168 posuit
896 2098 961 2168 quia
975 2112 1072 2168 pereae
1089 2097 1220 2153 ditissimi
1237 2102 1311 2150 suut.
1339 2097 1421 2152 licita

272 2189 396 2258 pastun
413 2188 458 2242 adi
476 2192 641 2257 apparatus.

376 2276 385 2306 ¹
403 2274 497 2330 Valla:
519 2273 629 2346 Optima
651 2291 738 2330 sarae.
768 2289 830 2329 acra
849 2274 945 2330 ciritae
964 2273 1066 2330 Italiae
1083 2311 1090 2324 .
1110 2315 1116 2328 .
1137 2314 1143 2327 .
1165 2312 1172 2328 .
1194 2273 1233 2328 Oi.
1254 2273 1339 2328 schol.
1360 2273 1420 2328 aad.

274 2364 352 2419 Voss.
371 2381 413 2416 nr.
434 2366 484 2416 18:
516 2403 549 2418 ..
571 2403 577 2416 .
600 2362 729 2432 optimam
754 2363 861 2417 dameam
884 2363 981 2419 labere
1000 2361 1103 2433 pateris
1127 2361 1204 2432 apud
1225 2377 1305 2417 acrae
1325 2361 1423 2416 italiae

274 2451 409 2507 civitatem
426 2451 467 2505 ael
484 2450 559 2519 apud
577 2451 759 2518 fabrateriam
778 2465 825 2504 cen
840 2451 1010 2516 frusinonem
1028 2449 1190 2518 campaniae
1207 2448 1338 2504 ciuitates.

376 2537 500 2592 ²Valla:
526 2539 614 2593 Uniue
633 2568 667 2578 -
686 2539 808 2592 lacertae.
837 2543 886 2591 aut
906 2537 996 2605 iuquit
1018 2538 1122 2593 luat-ua
1141 2535 1178 2590 ad
1195 2536 1300 2591 animal
1317 2536 1422 2591 rettulit

275 2626 342 2694 quia
359 2631 423 2679 aunt
441 2626 473 2679 in
491 2641 558 2694 apra
579 2641 659 2693 quarn
674 2625 791 2695 plurimi
809 2629 859 2678 aut
875 2625 1004 2679 lacertam
1019 2641 1070 2694 pra
1087 2625 1165 2680 horto
1177 2624 1273 2694 poenit
1283 2640 1333 2693 per
1346 2640 1420 2692 quern

274 2719 300 2768 et
319 2713 472 2769 discurrere
492 2719 517 2768 et
534 2713 645 2768 latitare
662 2714 799 2768 canauenit
819 2713 870 2776 (Cf.
886 2713 970 2768 schol.
982 2713 1041 2768 eod.
1054 2713 1130 2767 Voss.
1149 2729 1192 2765 nr.
1211 2714 1243 2765 18
1262 2711 1297 2765 ad
1314 2730 1340 2766 v.
1352 2713 1420 2765 230:

275 2843 389 2857 .....
407 2803 433 2857 ai
452 2844 457 2856 .
478 2844 484 2856 .
504 2843 510 2856 .
530 2801 632 2856 domiui
650 2818 706 2856 ease
721 2802 855 2871 pessimae
873 2803 914 2857 ael
934 2801 1017 2855 uniua
1041 2803 1156 2856 lacertae
1175 2800 1194 2854 i.
1215 2802 1277 2855 arti.
1306 2801 1421 2856 lacertae

273 2889 343 2945 enim
366 2889 396 2942 iu
413 2889 481 2944 artie
501 2890 587 2945 solent
612 2907 666 2945 eece
685 2930 691 2943 .
711 2931 717 2943 .
734 2929 741 2944 .
761 2892 787 2957 .).
811 2896 836 2944 et
857 2891 1004 2958 foeminina
1027 2906 1121 2960 canere
1143 2889 1261 2957 protulit
1281 2905 1341 2943 cum
1365 2888 1421 2942 Vir.

274 2975 376 3031 dicerit
399 2975 442 3041 (ei.
462 2976 598 3046 Sahopani
618 2977 711 3032 adnot.
731 2978 747 3030 l.
768 2996 790 3032 a.
809 2996 836 3047 p.
856 2977 929 3048 358).
971 2978 1010 3034 Et
1032 2978 1131 3034 vinda
1153 2980 1290 3034 occultant
1311 2979 1420 3048 spineta

274 3064 384 3119 lacertos
405 3105 515 3119 .....

375 3154 385 3185 ³
405 3152 498 3207 Valla:
518 3153 670 3207 Meritoria.
688 3153 719 3208 id
737 3159 775 3207 est
794 3154 922 3208 tabernae
940 3169 1008 3222 auae
1020 3153 1108 3208 labare
1119 3154 1260 3209 mercedem
1269 3169 1422 3224 proetereu-

275 3246 327 3295 tur.
346 3271 382 3280 -
400 3241 442 3296 De
460 3241 654 3295 emendatione
672 3241 770 3295 acholii
789 3241 935 3295 Pithoaani
955 3257 979 3294 v.
993 3240 1265 3297 Schuetzfleiechium
1284 3244 1332 3298 Le.
1352 3243 1422 3312 pil

275 3331 303 3383 et
322 3328 498 3399 Schopenum
518 3330 536 3383 l.
557 3348 579 3384 a.
598 3348 624 3399 p.
644 3331 705 3384 359.

376 3417 386 3448 ⁴
404 3417 499 3471 Valla:
519 3418 634 3488 Maenia
650 3419 745 3487 apaten
763 3417 906 3473 dormitur.
934 3435 952 3472 a
972 3435 1069 3487 maana
1087 3422 1113 3472 et
1128 3418 1232 3486 patenti
1249 3417 1358 3474 domnina
1381 3417 1421 3472 ni·

273 3507 342 3561 cinis
369 3507 488 3562 tabernis
517 3507 654 3562 nitentium
681 3506 835 3577 imponitur
860 3508 900 3562 ael
924 3524 1023 3578 mapna
1045 3507 1157 3578 praecia
1182 3523 1290 3561 somnus
1306 3511 1422 3561 canstat.

274 3595 328 3650 Sed
347 3613 413 3650 cave
437 3612 472 3650 ne
490 3596 588 3650 Vallae
612 3596 758 3650 lectionem
786 3597 925 3666 integram
952 3601 1001 3650 eut
1025 3595 1129 3650 scholio
1148 3595 1301 3649 Pithoeano
1327 3594 1421 3648 obtru-

274 3684 324 3738 das
345 3687 394 3737 eut
412 3684 504 3738 Probo
528 3685 650 3739 tribuae:
671 3688 748 3739 vetat
767 3685 841 3738 enim
861 3683 920 3738 aod.
939 3684 1016 3739 Voss.
1034 3701 1078 3738 nr.
1099 3685 1132 3737 18
1151 3684 1297 3738 acholium:
1318 3682 1418 3737 dormi·

273 3778 332 3829 tur:
352 3774 427 3829 Nam
452 3774 516 3844 (leg.
541 3772 617 3840 Non)
639 3772 694 3826 nisi
717 3789 817 3842 maana
837 3771 961 3840 patentia
983 3771 1121 3826 alentium
1146 3770 1245 3826 ricinia
1270 3770 1420 3840 imponitur

273 3861 393 3917 tabernis
419 3863 459 3916 uel
485 3876 583 3930 mapna
609 3860 698 3929 pretia
725 3876 834 3916 eominus
861 3864 968 3914 canstat
998 3858 1070 3928 quad
1097 3858 1181 3913 datur
1205 3857 1417 3928 inquietudinem

270 3948 467 4019 acuerantilma.

373 4037 384 4068 ⁶
401 4035 494 4090 Valla:
515 4074 521 4087 .
537 4076 582 4091 ...
601 4036 718 4092 mandra
734 4037 826 4106 iuquit
839 4037 947 4091 Probae
959 4041 998 4090 est
1010 4035 1125 4091 hostium
1144 4035 1199 4090 uici
1217 4035 1255 4089 nel
1272 4033 1369 4101 ilerum
1383 4033 1422 4087 rel

272 4129 377 4180 arctum
398 4130 448 4180 aut
466 4125 539 4180 breue
559 4130 583 4180 el
600 4125 651 4180 vile
668 4124 819 4192 aedificium
833 4124 903 4192 quad
915 4129 1042 4193 aapuetet
1059 4123 1232 4178 latitudinem
1244 4122 1310 4176 cici:
1329 4123 1368 4177 vel
1379 4121 1421 4174 in·

271 4229 338 4283 pene
355 4213 501 4270 aediculam
520 4229 571 4282 qua
589 4213 677 4267 trabes
693 4217 849 4281 portantur.
870 4213 929 4266 Hoc
942 4213 1191 4281 interpretamento
1204 4211 1288 4264 miras
1301 4227 1345 4264 res
1358 4225 1420 4279 pro·

273 4299 351 4370 ferri,
369 4301 486 4356 meliora
505 4306 597 4356 autem
616 4318 674 4354 esce
692 4301 722 4353 in
741 4301 844 4355 scholio
864 4300 1018 4355 Pithoeano
1038 4301 1093 4354 iam
1112 4299 1185 4355 vidit
1204 4300 1350 4354 Cramerus
1369 4299 1386 4352 Ι.
1397 4316 1419 4352 a.

273 4406 300 4458 p.
313 4391 375 4458 1063
396 4388 430 4444 af.
442 4389 470 4444 0.
481 4389 527 4442 Fr.
538 4389 692 4444 Hermanni
705 4389 794 4458 spicil.
810 4389 917 4443 adnott.
931 4390 966 4444 ad
979 4393 1030 4443 eat.
1041 4388 1082 4441 III
1092 4388 1239 4458 (Marburg
1250 4389 1329 4456 1839)
1338 4405 1365 4457 p.
1376 4387 1419 4440 32.

273 4478 312 4530 At
332 4493 403 4545 quae
414 4476 495 4531 Valla
517 4477 609 4532 adfert
627 4478 768 4547 pertinere
788 4477 921 4533 videntur
938 4494 995 4532 non
1008 4477 1043 4531 ad
1057 4477 1211 4544 mandram,
1231 4475 1279 4529 aed
1292 4475 1328 4530 ad
1340 4492 1418 4544 prae·

272 4563 399 4618 cedentia
418 4563 556 4621 Iuvenalis
574 4566 670 4621 verba:
689 4566 816 4623 redarum
834 4566 968 4622 tramitae
987 4570 1047 4621 arta
1063 4564 1182 4620 nicarum
1200 4563 1312 4632 iudana.
