3234 5038
484 1495 753 1574 SllNl'llNl'lAll
786 1491 1143 1572 oouuaovultsm.

267 1851 274 1864 .
329 1806 397 1864 Iuv.
420 1806 482 1864 VII
506 1803 670 1863 184-185
695 1802 737 1860 sic
761 1799 950 1858 scribendum
973 1806 1033 1858 est:

417 1906 646 1981 quanticumque
669 1901 783 1974 domus,
807 1900 891 1959 venit
913 1900 965 1976 qui
986 1900 1100 1958 fercula
1122 1899 1209 1960 docte

417 2006 566 2082 conponit,
599 2005 683 2064 venit
710 2003 761 2080 qui
785 2001 986 2078 pulmentaria
1009 2002 1117 2060 condit.

268 2167 275 2180 .
331 2121 390 2182 Cic.
415 2142 460 2199 cp.
489 2121 526 2180 ad
549 2121 614 2179 Att.
641 2120 656 2178 I
681 2121 731 2192 13,
755 2120 773 2177 5
796 2118 903 2178 verba:
940 2113 976 2177 ‘a
1000 2118 1028 2176 d.
1052 2118 1112 2176 III.
1136 2119 1212 2176 Non.
1236 2117 1392 2176 Decembr.

329 2223 468 2281 mendose
489 2222 583 2280 fuisse
605 2212 895 2279 animadverteram'
917 2217 955 2276 ad
979 2217 1164 2277 Metellinam
1188 2236 1263 2294 quae
1286 2217 1395 2276 dicitur

330 2325 493 2382 orationem
511 2327 646 2399 spectare
666 2319 816 2380 videntur.

269 2487 275 2500 .
329 2440 365 2497 In
387 2440 512 2498 Poenuli
533 2437 694 2497 Plautinae
725 2437 808 2494 exitu
837 2435 941 2507 altero,
978 2453 1066 2512 quem
1097 2435 1194 2494 solum
1231 2435 1393 2509 genuinum

331 2561 395 2600 esse
416 2561 474 2600 non
509 2540 595 2599 modo
623 2543 798 2613 argumento
821 2557 839 2594 a
858 2536 1029 2613 Brugmano
1053 2537 1181 2613 prolato,
1214 2534 1266 2593 sed
1300 2536 1390 2593 etiam

331 2643 398 2701 aliis
415 2661 451 2700 ex
466 2643 622 2717 utriusque
636 2658 760 2698 scaenae
775 2633 995 2713 (1304—1355
1012 2644 1042 2697 et
1059 2635 1266 2696 1356-1406
1284 2632 1394 2713 Gepp.)

331 2759 465 2800 sermone
488 2745 517 2797 et
538 2747 602 2797 arte
627 2740 729 2814 petitis
744 2738 872 2814 probare
887 2737 967 2806 licet,
991 2738 1098 2795 verba:
1131 2731 1226 2794 ‘Heus
1247 2740 1288 2808 tu,
1314 2729 1392 2795 leno'

333 2837 375 2915 (v.
400 2839 493 2913 1382)
522 2845 564 2898 et:
598 2834 652 2898 ‘Ut
681 2840 800 2896 iamiam
823 2837 865 2895 mi
887 2843 1045 2913 argentum
1065 2837 1184 2908 reddas,
1218 2837 1394 2914 priusquam

330 2943 362 3000 in
391 2960 517 3000 nervum
549 2933 716 2998 abducere.³
761 2933 805 3011 (v.
841 2932 935 3012 1383)
972 2943 1014 2997 st:
1059 2930 1189 2998 ‘Curato'
1222 2936 1266 3009 (v.
1303 2930 1394 3012 1402)

333 3039 566 3098 Antamoenidae
586 3037 744 3096 tribuenda
766 3043 844 3096 sunt.
1109 3063 1111 3068 ·

270 3202 277 3216 .
333 3157 380 3215 Ib.
402 3177 432 3215 v.
457 3157 538 3215 1398
562 3156 604 3214 sic
624 3156 717 3215 scribi
738 3155 845 3215 velim:

331 3256 422 3328 Leno,
445 3261 478 3314 tu
501 3261 553 3313 aut
567 3255 692 3313 amicam
714 3256 788 3313 mihi
810 3255 863 3314 des
885 3255 975 3312 facito
993 3258 1043 3310 aut
1058 3251 1131 3310 mihi
1146 3251 1254 3310 reddas
1276 3253 1395 3312 minam.

270 3417 276 3430 .
331 3372 412 3432 Vell.
435 3372 468 3430 ΙΙ
491 3374 561 3445 118,
586 3374 603 3429 2
626 3373 787 3448 legendum
810 3391 930 3431 censeo:

376 3473 539 3547 Arminius,
562 3473 703 3549 Sigimeri
724 3475 869 3550 principis
892 3473 990 3548 gentis
1013 3470 1229 3530 Cheruscorum
1251 3471 1341 3529 filius.

272 3635 278 3648 .
333 3588 444 3647 Aesch.
468 3587 549 3665 Sept.
574 3591 632 3648 169
656 3590 767 3649 codicis
781 3590 910 3648 Medicei
932 3590 1096 3665 scriptura:

561 3675 690 3758 ξύνοικος
708 3682 770 3764 εἴην
791 3691 831 3772 τῷ
851 3683 1003 3769 γυναικείῳ
1023 3680 1098 3763 γένει

333 3787 481 3847 mordicus
503 3787 630 3846 tenendo
654 3794 708 3846 cst.

272 3952 278 3965 .
331 3905 444 3980 Hymn.
468 3905 556 3964 Hom.
580 3905 723 3963 XXXIII
748 3907 785 3962 18
809 3904 1001 3964 scribendum
1022 3923 1170 3980 propono:

410 4000 527 4074 ναύταις
546 3995 666 4081 σήματα
687 4001 771 4076 καλὰ,
795 4001 886 4062 πόνου
908 4001 1003 4062 λύσιν·
1028 3997 1056 4061 οἱ
1078 3998 1110 4062 δὲ
1131 3991 1246 4074 ἰδόντες.

273 4167 280 4180 .
334 4121 371 4180 In
392 4122 471 4180 Plat.
494 4122 613 4180 Menon.
644 4124 683 4181 95
709 4123 734 4180 E
761 4141 857 4199 neque
885 4142 951 4180 cum
975 4121 1114 4180 Bekkero
1135 4115 1263 4196 μεταβὰς
1283 4128 1396 4180 mutan·
1427 4197 1429 4201 Ι

333 4223 402 4281 dum
424 4222 454 4279 in
477 4216 612 4296 καταβὰς,
635 4241 731 4299 neque
755 4241 792 4280 ex
803 4221 940 4280 Platonis
961 4221 1065 4279 verbis
1089 4220 1223 4278 conicere
1244 4219 1317 4277 licet
1343 4214 1395 4290 (cf.

333 4321 445 4396 Bergk.
473 4341 548 4379 mus.
577 4321 672 4381 Rhen.
696 4321 747 4379 ΙΙΙ
768 4341 797 4398 p.
825 4323 888 4379 410
915 4326 944 4380 et
964 4326 1058 4398 poett.
1081 4319 1157 4396 lyrr.
1191 4318 1228 4377 ad
1262 4318 1395 4394 Theogn.

334 4417 409 4494 435)
441 4422 473 4477 in
500 4439 572 4480 vera
598 4427 628 4479 et
664 4424 782 4496 integra
811 4420 994 4497 Theognidis
1027 4419 1192 4494 elegiarum
1221 4418 1396 4476 collectione

333 4539 392 4578 non
424 4520 467 4577 ita
499 4521 591 4596 longo
624 4521 786 4581 intervallo
818 4525 957 4597 separata
988 4520 1083 4577 fuisse
1115 4516 1173 4575 duo
1207 4519 1346 4591 carmine,
1380 4537 1396 4576 c
