3234 5038
316 1683 437 1745 Scholia
454 1682 650 1742 Iuvenaliana
671 1682 702 1739 in
723 1681 880 1758 permultis
902 1683 1021 1741 exstant
1043 1680 1202 1756 codicibus,
1226 1682 1278 1741 sed
1300 1683 1361 1742 alia

216 1786 247 1842 in
269 1785 346 1860 aliis,
376 1790 410 1844 ut
433 1804 518 1842 suum
541 1784 647 1858 cuique
667 1781 745 1840 libro
772 1799 837 1840 esse
861 1777 1074 1839 commentum¹
1098 1781 1162 1840 iure
1184 1783 1250 1859 quis
1272 1783 1362 1854 dicat,

218 1889 270 1942 aut
295 1889 374 1942 certe
401 1884 455 1944 vix
478 1882 536 1940 duo
563 1881 751 1940 inveniantur
774 1880 899 1954 codices,
931 1882 982 1958 qui
1004 1881 1092 1957 plane
1120 1882 1222 1941 eadem
1249 1883 1363 1944 scholia

218 1983 356 2043 habeant.
400 1981 457 2042 Sed
479 1987 576 2040 tamen
606 1980 752 2038 maximae
779 1982 874 2057 partis
901 1980 1007 2040 horum
1033 1982 1063 2040 in
1085 1982 1260 2042 Iuvenalem
1286 2003 1362 2044 oom-

218 2091 384 2144 mentorum
414 2083 500 2161 quasi
527 2083 625 2140 fontes
659 2087 729 2140 sunt
758 2081 809 2142 vel
838 2082 1030 2141 fundamenta
1062 2082 1119 2142 duo
1151 2085 1363 2160 commentarii,

218 2184 295 2243 alter
316 2185 456 2262 antiquus
484 2188 514 2242 et
536 2183 608 2241 satis
631 2183 736 2257 bonus,
769 2182 979 2242 adootissimo
1007 2183 1134 2260 quodam
1160 2183 1278 2244 homine
1302 2204 1363 2243 rae·

218 2286 285 2345 culo
308 2289 414 2362 quarto
436 2289 505 2361 post
522 2282 589 2344 Chr.
606 2303 634 2340 n.
657 2287 782 2340 exeunte
805 2284 995 2359 compositus,
1017 2284 1094 2342 alter
1116 2285 1211 2343 fusior
1233 2285 1363 2362 quidem,

219 2385 270 2443 red
297 2385 391 2444 multo
414 2385 505 2446 vilior
531 2384 714 2460 minorisque
735 2384 834 2461 pretii,
867 2383 964 2442 medio
987 2403 1061 2444 aevo
1085 2385 1280 2462 conscriptus,
1314 2387 1366 2463 qui

218 2488 248 2546 in
271 2486 370 2546 codice
386 2485 584 2544 Laurentiano
607 2485 648 2562 pl.
665 2486 748 2560 52,4
772 2491 801 2543 et
822 2485 968 2543 Bernenei
989 2504 1034 2544 nr.
1052 2483 1131 2544 2232
1154 2483 1283 2546 Cornuto
1307 2488 1366 2546 oui·

218 2587 286 2646 dam
308 2587 458 2646 tribuitur.
502 2585 617 2644 Neuter
641 2603 712 2644 vero
739 2584 846 2644 horum
870 2585 1147 2645 commentariorum
1169 2587 1285 2664 integer
1307 2588 1365 2646 sin·

218 2707 362 2766 carusque
394 2693 521 2746 aetatem
554 2687 660 2745 tulisse
692 2687 821 2745 videtur.
877 2684 960 2752 Quae
992 2687 1070 2745 enim
1100 2686 1189 2746 hodie
1223 2689 1364 2764 leguntur

219 2789 400 2848 scholiorum
427 2794 461 2845 ut
486 2788 528 2845 ita
555 2786 651 2844 dicam
678 2805 811 2863 corpora,
844 2806 878 2845 ea
909 2792 960 2844 aut
992 2787 1092 2846 tenuia
1122 2789 1300 2848 uberiorave
1328 2807 1365 2846 ex

219 2891 363 2948 alterutro
394 2887 515 2944 illorum
550 2887 701 2944 continent
732 2891 881 2962 excerpta,
915 2892 966 2944 aut
995 2889 1123 2962 genuino
1155 2889 1365 2948 commentario

217 2991 549 3066 interpretamentorum
578 2986 697 3045 aliunde
721 2991 853 3046 ortorum
881 2987 949 3063 plus
980 2988 1117 3048 minusve
1147 2988 1280 3048 additum
1311 2996 1366 3066 est,

218 3090 249 3149 id
272 3089 352 3168 quod
367 3087 516 3147 interdum
539 3088 628 3146 etiam
651 3088 800 3164 excerptis
822 3087 884 3145 illis
900 3087 1016 3147 accidit.
1060 3088 1135 3146 Erui
1155 3094 1257 3168 tamen
1268 3095 1368 3167 potest

219 3196 248 3248 et
270 3194 395 3266 oportet,
427 3194 495 3248 nter
522 3188 750 3248 commentarius
778 3188 844 3246 fons
873 3188 912 3245 rit
934 3188 985 3248 vel
1014 3187 1238 3248 fundamentum
1268 3191 1367 3249 unius·

220 3365 417 3373 -—

320 3479 330 3512 ¹
354 3479 396 3533 De
418 3479 567 3534 commenti
585 3479 720 3534 vocabulo
739 3477 774 3533 ef.
792 3477 870 3532 Iahn.
889 3479 970 3548 proll.
990 3478 1025 3532 ad
1044 3477 1120 3532 Pers.
1140 3493 1167 3546 p.
1182 3475 1294 3528 CLXIX
1311 3477 1368 3529 n.2

220 3565 440 3622 etEliaeVineti
458 3566 506 3621 ‘de
514 3567 637 3622 Cornuto
656 3608 725 3622 ....
745 3585 778 3622 ac
797 3567 831 3620 de
844 3565 1041 3620 Commentarii
1056 3564 1265 3632 Commentique
1284 3563 1368 3634 signi-

219 3651 348 3706 ficatione
377 3653 596 3722 praefationem’
622 3656 651 3708 in
676 3655 799 3709 editione
830 3655 994 3708 Cornutiani
1017 3655 1046 3707 in
1070 3653 1196 3707 Persium
1221 3651 1369 3707 commenti

222 3740 364 3808 (Lutetiae
383 3741 458 3810 apud
478 3742 518 3795 Cl.
530 3741 677 3796 Moralium
699 3744 777 3796 1613.
797 3744 847 3812 4⁰),
866 3743 900 3797 do
920 3760 976 3811 qua
995 3759 1019 3796 v.
1039 3740 1170 3795 Bandinii
1189 3741 1270 3794 catal.
1292 3741 1370 3795 codd.

220 3828 282 3882 latt.
302 3828 369 3882 bibl.
389 3829 473 3883 Laur.
495 3829 521 3883 lI
541 3830 595 3883 548
616 3831 677 3884 coll.
697 3829 776 3884 lahn.
795 3831 877 3899 proll.
897 3830 933 3884 ad
950 3829 1024 3883 Pers.
1043 3847 1070 3898 p.
1086 3827 1231 3882 CLXVIII.
1442 3876 1445 3884 .

320 3917 426 3972 ²Iahn.
446 3919 528 3987 proll.
547 3917 581 3971 ad
600 3917 674 3972 Pers.
694 3936 721 3987 p.
738 3917 852 3972 CXVIII
871 3921 900 3972 et
920 3917 1014 3971 CXVI.
1043 3917 1083 3971 Cf.
1104 3916 1150 3969 Fr.
1170 3917 1204 3970 Α.
1217 3914 1369 3970 Zachariae

221 4002 247 4056 S.
261 4003 282 4058 I.
301 4004 356 4058 iter
368 4005 538 4059 litterarium
556 4023 607 4074 per
621 4006 733 4060 Italiam
747 4005 882 4075 (Venetiis
896 4007 975 4072 1762)
989 4022 1016 4075 p.
1028 4006 1076 4058 25:
1097 4003 1185 4074 (Inter
1198 4003 1278 4057 codd.
1293 4004 1370 4072 ‘piis-

218 4091 351 4146 simorum
375 4098 403 4147 et
426 4093 650 4148 doctissimorum
670 4095 788 4148 Patrum
815 4093 841 4148 S.
859 4094 967 4148 Mariae
986 4093 1078 4147 Curtio
1099 4095 1131 4145 ut
1150 4094 1252 4146 vocant
1272 4089 1370 4144 Orlan·

220 4177 363 4249 digerum'
381 4181 560 4250 Lucensium)
586 4183 670 4237 ‘Pisis
696 4182 815 4237 fortasse
841 4187 971 4237 exaratus
990 4185 1032 4236 est
1052 4181 1136 4234 etiam
1155 4179 1242 4233 codex
1262 4179 1371 4233 charta·

221 4283 283 4320 oeus
297 4267 405 4323 Saeculi
416 4270 475 4338 XV,
495 4271 543 4338 qui
562 4270 617 4325 fuit
632 4271 765 4326 SerPetrc'
777 4271 936 4340 Roucicnr'a',
956 4273 987 4324 ut
1005 4270 1035 4322 in
1054 4269 1128 4323 calce
1147 4266 1239 4336 operis
1257 4266 1370 4335 legitur,

220 4354 347 4409 ePisana
365 4358 522 4426 praenobili
541 4363 632 4428 gente.
653 4359 774 4415 Lactora
792 4360 821 4413 in
844 4378 876 4414 eo
896 4362 988 4414 exstat
1006 4373 1089 4426 saper
1106 4360 1218 4424 satyros
1230 4354 1372 4408 quenalis

219 4441 373 4510 Aquicatio
385 4461 419 4500 aa
431 4444 637 4501 Commentariis
650 4446 767 4503 Cornuti
782 4447 965 4516 copioatesr'me
977 4445 1052 4501 edita
1071 4485 1077 4498 .
1092 4485 1098 4497 .
1112 4483 1117 4496 .
1134 4483 1140 4496 .
1151 4442 1158 4461 ²
1177 4445 1262 4509 atque
1274 4441 1372 4495 Fabri·

219 4529 255 4584 cii
268 4530 336 4585 bibl.
349 4533 420 4586 med.
436 4538 464 4587 el
476 4533 525 4588 inf.
540 4533 634 4588 Latin.
648 4537 667 4587 1.
679 4534 692 4587 I
705 4535 743 4603 lp.
755 4536 808 4589 430
820 4535 862 4588 ed.
876 4535 971 4589 Patav.
985 4553 1009 4588 a.
1023 4531 1102 4600 1754)
1123 4529 1174 4583 sub
1187 4547 1213 4584 v.
1228 4529 1373 4582 Cornutus.

1154 4645 1167 4694 l
