3234 5038
544 478 602 538 251
613 471 621 514 ¹

251 577 310 637 253

731 675 791 733 254
803 679 914 732 utrum-

545 773 626 834 255³
728 793 785 852 qus
801 773 912 834 schol.²

251 873 311 932 256

251 974 312 1032 257

724 1069 801 1131 2584

252 1173 313 1264 260

969 1266 1049 1326 2615

252 1371 312 1429 263
320 1371 448 1446 primum

340 1470 433 1529 schol.
980 1470 1040 1527 263
1056 1469 1141 1528 alter.

252 1571 312 1629 263
328 1571 449 1628 tertium
1042 1567 1155 1630 schol.⁶

340 1670 434 1730 schol.
544 1662 672 1744 265(?)⁷

744 1766 803 1824 266
819 1767 902 1841 prius

804 1863 917 1926 schol.⁸

251 2203 329 2258 Voss.
350 2220 393 2257 nr.
414 2205 457 2256 18:
487 2202 594 2256 culina:
622 2201 813 2256 diminutivum
832 2219 849 2256 a
869 2201 1006 2272 quoquina
1034 2201 1099 2270 onia
1127 2219 1161 2256 em
1178 2203 1321 2258 collatione
1341 2207 1406 2256 sant

250 2292 432 2348 commessuri.

355 2381 365 2414 ¹
383 2379 476 2434 Vallo:
496 2379 603 2434 costula
621 2407 656 2418 -
675 2378 804 2449 inqentia.
835 2383 885 2432 aut
907 2379 1016 2433 corbulo
1039 2394 1153 2448 maanus
1178 2378 1303 2433 sarcinae
1326 2379 1401 2433 homo

253 2467 293 2523 och
317 2467 419 2522 athleta
443 2466 526 2533 sortis
548 2466 588 2521 oei
609 2466 717 2520 baiulus
734 2481 849 2534 maenae
866 2466 1004 2521 sarcinae:
1023 2471 1071 2520 ant
1089 2472 1158 2521 certe
1174 2481 1225 2536 per
1242 2467 1400 2522 similitudi·

256 2572 315 2610 uem
334 2559 386 2610 etc.

354 2644 365 2676 2
384 2641 477 2696 Valla:
497 2640 665 2696 Smnhamar
683 2641 799 2695 tunicae.
817 2646 911 2694 atrum
929 2641 1010 2696 huius
1028 2643 1129 2698 seruati
1148 2659 1185 2698 an
1204 2642 1325 2698 cuiusuis
1332 2657 1403 2711 pan-

251 2731 330 2802 peris
331 2770 444 2784 .....
463 2728 601 2784 Oornscat.
619 2730 703 2784 micat
722 2729 761 2784 oei
780 2735 901 2798 apparet.

355 2821 366 2852 ⁸
385 2819 479 2873 Valla:
500 2833 640 2872 sarnacum
657 2817 771 2872 vehiculi
788 2833 881 2887 oenus.
900 2818 985 2872 Abies
1004 2818 1129 2872 materia.

354 2908 365 2940 ⁴
384 2907 476 2961 Valla:
499 2907 628 2960 Montem.
647 2921 747 2959 sanum
765 2905 870 2976 iacens.

352 2997 363 3028 ⁶
385 2993 478 3048 Valla:
498 2996 576 3049 More
594 2995 711 3049 aesinae.
738 2994 777 3049 sie
795 2994 887 3063 iuquit
906 2993 1035 3049 atteritur
1052 3009 1150 3062 cornus
1167 2999 1197 3048 ut
1214 3000 1292 3062 putes
1311 2996 1400 3065 ipsam

254 3082 375 3138 animam
398 3099 467 3152 onoc
485 3099 619 3152 nusquam
636 3082 744 3138 uidetur
763 3119 905 3137 ......
925 3080 1031 3136 Secura.
1051 3081 1123 3136 nihil
1141 3082 1173 3137 cte
1192 3082 1279 3137 tantis
1297 3083 1404 3137 casihus

252 3171 400 3240 suspicata
420 3187 487 3241 quae
505 3171 642 3225 domimm
662 3171 747 3225 nescit
764 3169 886 3225 occisum.
923 3170 969 3224 Ad
980 3170 1049 3224 hacc
1062 3174 1186 3224 extrema
1200 3170 1235 3226 ci.
1247 3171 1333 3226 schol.
1345 3171 1404 3226 cod.

253 3259 333 3314 Laid.
352 3260 423 3314 bibl.
442 3259 518 3329 publ.
537 3276 578 3312 nr.
589 3259 638 3312 82:
658 3274 766 3314 secema:
787 3257 818 3312 aie
837 3257 952 3312 aduentu
969 3257 1074 3312 domiui
1093 3299 1099 3312 .
1120 3299 1126 3312 .
1146 3299 1152 3312 .
1174 3300 1180 3313 .
1200 3297 1208 3313 .
1229 3261 1306 3314 item.
1326 3259 1407 3312 Nihii

253 3346 284 3402 dc
302 3348 391 3401 tantis
409 3348 518 3402 casibus
536 3347 676 3415 suspicata
695 3346 762 3415 qnia
779 3346 916 3400 dominam
933 3345 1016 3401 nescit
1034 3345 1158 3401 occisam.
1351 3389 1353 3393 .

354 3437 365 3468 ⁶
384 3435 476 3489 Velle:
505 3472 616 3489 .....
635 3435 731 3504 striaes
757 3433 848 3502 inanit
868 3433 977 3488 Probus
1003 3429 1132 3489 dicuntur
1153 3451 1221 3504 anas
1246 3434 1343 3490 itabent
1361 3451 1404 3490 aa·

251 3523 344 3592 psarii
361 3523 402 3578 oei
419 3522 547 3577 candelae
564 3521 706 3576 tridentem
727 3521 794 3576 dicit
797 3561 910 3575 .....
930 3522 1016 3576 Phua
1037 3551 1068 3561 -
1085 3528 1169 3592 ontio.
1198 3527 1294 3592 cattas
1312 3524 1405 3592 inanit

256 3612 365 3666 Probas
383 3610 413 3664 in
432 3627 484 3679 aaa
502 3611 585 3665 oleum
607 3610 726 3664 mittitur
744 3609 834 3664 dictas
851 3609 921 3678 qnod
932 3615 1038 3679 auitam
1052 3610 1150 3665 mittat.
1186 3611 1305 3665 Videtur
1318 3611 1406 3681 igitur

253 3699 283 3752 in
296 3698 407 3753 scholiis
424 3698 584 3754 Pithoeanis
597 3699 690 3753 verbis
706 3695 787 3768 ‘quos
799 3697 896 3752 hahent
914 3693 1047 3766 capsarii
1069 3699 1210 3769 singulare
1228 3698 1302 3754 effici
1320 3700 1405 3754 inter-

255 3790 476 3856 pretamentum
506 3787 580 3855 quod
599 3791 696 3841 utrum
714 3786 751 3840 ad
768 3781 868 3855 ‘autto'
890 3803 925 3840 sn
944 3786 980 3840 ad
998 3782 1161 3855 ‘aetatibus’
1181 3787 1350 3856 pertinuerit
1369 3805 1405 3841 an

256 3874 292 3928 sd
316 3877 475 3942 utrumque,
506 3875 661 3930 diiudicare
683 3892 738 3929 non
761 3873 858 3928 ausim.
894 3873 980 3942 Apud
1001 3873 1111 3928 Veliam
1136 3879 1229 3929 autem
1248 3876 1334 3930 verba
1353 3873 1405 3930 ‘oei

257 3961 384 4016 candelae
409 3959 559 4017 tridentem'
588 3963 656 4032 quid
679 3963 733 4017 sibi
757 3963 852 4024 velini,
877 3979 932 4016 non
951 3962 1097 4032 intelleg03
1127 3962 1163 4017 cf.
1181 3968 1276 4018 tamon
1294 3981 1405 4018 versum

255 4049 338 4104 huius
357 4054 468 4104 saturae
486 4051 537 4104 267
558 4055 586 4104 ct
605 4051 700 4106 scholl.
718 4050 792 4104 Pith.
812 4049 848 4104 ad
865 4049 906 4103 ΠΙ
926 4049 978 4103 285
998 4055 1026 4104 et
1045 4052 1106 4104 287.

356 4142 365 4172 ⁷
386 4137 478 4193 Valla:
498 4141 560 4194 Iam
578 4139 650 4194 scatet
668 4141 699 4193 in
715 4139 806 4208 rippa.
827 4138 984 4206 inferorum.

354 4227 365 4259 ⁸
385 4226 477 4280 Valle:
505 4227 606 4282 Horret
620 4213 770 4296 'prosimu
791 4225 950 4297 porthmeus
968 4227 1060 4296 inarsit
1079 4227 1182 4282 Probus
1205 4229 1336 4284 traiectus
1354 4245 1404 4283 on·

252 4320 349 4384 castas
357 4313 404 4370 sui
410 4315 566 4385 porthmeas
575 4314 642 4386 (leg.
650 4315 805 4386 porthmos)
817 4315 926 4383 quidem
936 4316 1068 4370 traiectus
1077 4334 1096 4370 a
1105 4315 1210 4386 craecis
1221 4315 1322 4370 dicitur
1342 4356 1348 4370 .
1368 4357 1374 4368 .
1394 4357 1400 4370 .

255 4403 412 4458 Porthmeus
440 4420 499 4458 aero
522 4405 645 4472 portitor
664 4440 803 4458 ......
821 4408 938 4458 taetrum
957 4419 1020 4472 erqo
1035 4405 1178 4472 porthmea
1198 4410 1319 4461 catonem
1337 4406 1404 4476 (leg.

255 4491 385 4559 aaronem)
405 4491 472 4546 dicit
489 4492 652 4560 portitorem.
671 4492 712 4547 Cf.
731 4491 816 4546 etiam
835 4490 920 4545 schol.
939 4492 1001 4546 cod.
1017 4492 1096 4546 Laid.
1115 4493 1185 4546 bibl.
1206 4494 1282 4563 publ.
1302 4510 1342 4548 nr.
1354 4496 1402 4548 82:
