3234 5038
195 797 238 856 90

194 898 237 957 93

195 998 238 1056 94

195 1099 237 1156 96
261 1097 345 1174 prius

256 1195 348 1254 sohol.
647 1194 687 1252 96
702 1193 830 1251 altorum

616 1291 619 1296 '
710 1289 826 1351 εοΙιοΙ.4

174 1880 254 1936 aetat
272 1879 402 1935 aversari.
428 1880 569 1951 conchylia
586 1881 690 1951 oopitia
715 1897 858 1950 purpurea
884 1882 926 1936 ita
951 1881 1102 1952 flaprantia
1127 1886 1158 1936 ut
1184 1881 1324 1951 eonetptia

173 1967 240 2037 ipsa
258 1967 346 2022 uideri
362 1968 479 2036 possint.
506 1968 662 2038 Utrumque
689 1969 780 2040 igitur
798 1971 834 2024 od
853 1970 881 2024 h.
899 1989 924 2024 v.
944 1970 1081 2024 scholium
1106 1970 1162 2023 iam
1182 1969 1229 2022 illo
1247 1967 1324 2023 haud

174 2055 315 2126 integrius
334 2073 418 2124 quam
434 2075 492 2127 nos,
511 2058 560 2126 qui
577 2059 819 2127 corruptissimum
829 2059 956 2129 legimus,
975 2059 1004 2111 in
1016 2058 1110 2113 oodioo
1121 2075 1170 2112 suo
1185 2058 1324 2113 invenisse

175 2144 300 2199 videtur.
318 2145 485 2215 Adstipulor
497 2164 563 2201 vero
574 2147 714 2215 Cremero,
733 2148 781 2216 qui
802 2147 887 2201 verba
906 2149 992 2216 ‘topae
1012 2145 1204 2201 erubescendae
1215 2149 1324 2214 fruator

175 2231 297 2286 habitus’
316 2234 458 2300 poetioum
477 2235 545 2302 qaid
564 2235 671 2303 spirare
692 2234 849 2303 existimat3
877 2233 912 2288 of.
931 2234 1017 2288 sohol.
1036 2234 1096 2289 aod.
1116 2234 1193 2289 Voss.
1212 2251 1254 2288 nr.
1277 2235 1321 2287 18:

174 2319 312 2376 oonoiuiia
329 2320 349 2373 i.
366 2319 475 2387 fuscatae
493 2321 605 2376 habitus
623 2327 648 2375 et
666 2321 871 2376 muriaetinotos
884 2327 936 2377 eto.
954 2322 1097 2377 Posterius
1111 2321 1323 2377 verosoholium

174 2407 364 2463 Pithoesnum
382 2410 474 2464 neseio
488 2427 523 2463 sn
535 2409 575 2464 its
590 2408 648 2464 fere
658 2410 862 2464 restituendum
872 2411 920 2465 sit:
940 2409 1114 2481 [conchylia]
1124 2410 1143 2464 i.
1156 2410 1322 2480 eapitiorum

172 2511 339 2566 purpuram,
358 2497 439 2566 quasi
454 2513 534 2566 quam
552 2497 692 2570 omutptio
709 2497 834 2569 pipnant.
867 2498 996 2554 (totorum
1028 2497 1063 2554 of.
1091 2498 1202 2554 Femur.
1230 2498 1265 2553 do
1292 2515 1323 2553 re

173 2588 246 2640 vost.
264 2585 291 2637 11
311 2587 323 2637 1
346 2602 368 2640 o.
390 2588 432 2640 23.

280 2672 401 2729 ¹Vslla:
434 2676 482 2730 Me
504 2675 583 2743 prior
600 2677 644 2730 iile
662 2676 791 2746 eipnabit.
811 2676 930 2730 muudi
947 2679 1146 2742 testamentum
1174 2673 1209 2729 oi.
1237 2673 1322 2743 gloss.

120 2773 123 2780 ·
177 2760 272 2840 interl.
291 2762 351 2816 aod.
365 2762 443 2818 Voss.
462 2781 503 2818 nr.
527 2766 573 2820 tu:
592 2763 730 2832 Sipnaoit:
749 2769 939 2818 testamentum
956 2763 1026 2831 fecit.

280 2851 291 2884 ²
309 2849 403 2905 Valla:
425 2852 522 2906 Rana
539 2851 700 2907 damascena
720 2852 786 2907 dicit
804 2867 873 2920 puae
891 2867 924 2906 en
942 2851 1068 2906 danmseo
1078 2849 1198 2919 pmmmn
1212 2848 1325 2915 suerunt

175 2942 269 2991 aueota
288 2937 354 3008 (leg.
372 2937 502 3007 adoeota).
523 2939 564 2994 Et
582 2945 700 2994 oootona.
718 2940 823 2994 cariano
834 2939 956 2993 minutae
974 2956 997 2992 e.
1012 2956 1037 3005 q.
1052 2955 1087 3004 s.;
1107 2935 1141 2992 of.
1161 2935 1246 2989 sohol.
1265 2935 1324 2989 ood.

177 3027 256 3080 Voss¹
274 3044 317 3081 nr.
338 3029 384 3080 18:
411 3042 520 3096 pruna:
545 3028 645 3082 Pruna
661 3027 822 3082 damascena
839 3027 916 3082 dicit.
939 3043 1004 3082 nom
1022 3025 1168 3082 nobiliores
1186 3024 1325 3078 amomum

177 3114 315 3182 (arborum
328 3115 413 3169 Laur.
424 3117 467 3180 52,
479 3115 507 3184 4)
518 3114 626 3181 fructus
638 3131 742 3170 romam
754 3116 918 3171 vehebantur
931 3133 948 3170 a
960 3114 1073 3170 diensis
1086 3112 1181 3168 mundi
1188 3111 1326 3182 partibus.

176 3206 294 3257 coctana
313 3206 434 3268 (cottana
452 3204 537 3258 Laur.
559 3206 602 3268 52,
621 3205 651 3275 4)
668 3205 793 3259 similiter
807 3204 915 3271 fruetus
933 3203 1033 3258 seilicet
1051 3217 1136 3272 penus
1157 3199 1326 3254 minutarum

175 3291 279 3345 caraea
296 3290 460 3358 (carinarum
478 3292 562 3346 Laur.
583 3293 626 3359 52,
645 3293 672 3359 4)
690 3292 709 3344 i.
726 3291 847 3359 picorum.
866 3310 889 3346 e.
909 3309 935 3360 q.
955 3309 986 3359 s,
1014 3295 1043 3345 et
1061 3289 1146 3344 sohol.
1166 3286 1226 3341 aod.
1245 3286 1324 3340 Leid.

176 3377 247 3432 bibl.
265 3380 341 3448 publ.
360 3398 402 3434 ur.
416 3382 464 3434 82:
495 3386 595 3436 catana
610 3395 710 3450 ponera
728 3380 880 3436 caricarum
899 3379 1140 3434 minutissimarum
1158 3375 1198 3430 oei
1217 3389 1322 3428 nucum.

179 3465 267 3522 Gloss.
286 3468 388 3522 Paris:
408 3467 525 3523 Gottorm
542 3483 624 3524 nucea
642 3468 683 3522 oei
698 3467 804 3522 amicae
819 3483 932 3537 paruae.

281 3555 292 3588 ³
312 3555 403 3610 Vallo:
423 3555 498 3626 Quod
514 3585 546 3594 -
560 3555 690 3611 aventini.
709 3555 739 3610 m
758 3561 798 3610 est
815 3555 923 3610 romani
941 3559 966 3609 et
985 3554 1031 3624 qui
1043 3567 1134 3606 romae
1145 3549 1207 3605 nati
1219 3565 1325 3615 sumum

179 3641 216 3696 of.
236 3641 322 3697 schol.
340 3643 399 3697 eod.
418 3642 495 3697 Voss.
514 3661 556 3696 nr.
577 3645 623 3696 18:
665 3641 755 3712 Usque
773 3642 852 3698 adeo:
871 3644 908 3697 In
926 3646 1034 3696 tautum
1052 3639 1142 3709 inquit
1162 3638 1232 3692 nihii
1248 3637 1327 3693 nobis

176 3729 289 3799 prodest
307 3729 485 3800 quadranae
503 3746 596 3784 sumus
614 3730 677 3784 nati
695 3730 814 3798 (romani
824 3745 916 3784 sumus
934 3734 958 3784 et
972 3745 1043 3784 roone
1061 3728 1124 3782 nati
1136 3727 1220 3781 Laur.
1242 3728 1285 3795 52,
1297 3725 1326 3795 4)

178 3821 211 3872 ut
229 3819 310 3872 etiam
326 3817 468 3888 pereprini
487 3817 564 3872 notis
580 3823 798 3887 praeponantur.

282 3906 293 3937 ⁴
311 3905 403 3961 Vella:
429 3907 523 3960 Vaoua
535 3906 663 3962 -etioao
678 3906 769 3976 piano
786 3908 845 3961 sine
864 3921 965 3974 penne:
984 3905 1015 3960 id
1028 3910 1066 3960 est
1078 3903 1195 3975 inpuina
1208 3919 1264 3959 esse
1273 3903 1327 3972 foe·

180 3993 270 4050 uinea
288 3995 361 4064 qaod
379 3995 480 4062 referat
497 3994 651 4061 foeminam.

281 4085 292 4116 ⁶
313 4083 408 4138 Vallo:
429 4082 516 4136 Tenui
533 4081 668 4137 distantia
685 4082 765 4136 rima.
784 4081 927 4136 muliebria
942 4081 1059 4150 inpuina
1077 4080 1221 4150 sipnifieat.

282 4171 404 4226 ⁶Valla:
436 4171 516 4226 Mem
531 4186 609 4225 oemo.
632 4176 705 4241 οἴμη.
721 4169 914 4238 pronunciatio
931 4168 1039 4224 dieitur.
1067 4173 1147 4240 οἶμος
1165 4173 1255 4222 autem
1272 4167 1325 4221 oia.

182 4258 252 4312 onae
268 4259 442 4327 prohemium.
470 4259 516 4312 eei
534 4258 578 4313 tie
592 4256 752 4326 proprium:
772 4258 804 4313 de
824 4274 875 4327 pao
894 4258 954 4327 ipse
972 4257 1044 4312 atim.
1073 4271 1145 4312 oemo
1164 4271 1327 4324 quamquam

181 4351 206 4399 et
223 4346 405 4416 carpophoro;
429 4346 465 4400 of.
486 4347 568 4416 gloss.
583 4345 676 4400 interl.
697 4346 757 4400 ood.
771 4347 847 4400 Voss.
866 4363 909 4400 nr.
924 4345 968 4399 18:
988 4344 1074 4400 nielli:
1090 4343 1326 4413 pronuntiatione,

181 4437 209 4486 et
227 4434 312 4489 sohol.
331 4434 392 4489 cod.
412 4435 497 4489 Laur.
510 4436 595 4503 52‚4:
615 4433 697 4489 Molli
713 4449 796 4489 oemo:
816 4439 848 4488 ut
865 4433 1028 4489 aliiuoiunt:
1048 4433 1127 4486 suani
1141 4435 1165 4484 et
1181 4429 1328 4485 delectabili

179 4521 414 4590 pronunciatione.
