3234 5038
328 3479 336 3509 ¹
356 3475 449 3530 Valla:
470 3476 602 3530 Nummos
620 3480 737 3544 raptura
757 3475 850 3529 celena.
869 3474 895 3528 st
906 3489 975 3528 uam·
988 3477 1036 3527 tua
1047 3487 1100 3526 non
1112 3471 1209 3540 raptat
1229 3468 1370 3538 quicquam

227 3570 255 3618 ut
274 3563 291 3618 lr
320 3581 330 3600 ·,
346 3565 377 3616 ru'
415 3604 528 3620 .....

293 3581 448 3706 αΐξλνῖἰίαε
469 3652 583 3708 Hebetes
604 3683 635 3691 —
657 3667 767 3707 secures.
787 3651 887 3705 hebetes
905 3649 1032 3704 subtusae
1050 3664 1128 3718 saepe
1144 3646 1274 3714 ferienda.

324 3738 448 3794 ³Valla:
469 3739 599 3808 Tempora
615 3739 782 3808 pannonico.
811 3737 924 3807 auidam
952 3736 1051 3792 labent
1069 3735 1178 3790 coelicas.
1207 3733 1287 3789 ruultu‘
1309 3747 1369 3788 uera

225 3826 367 3881 santonico
370 3867 487 3881 .....
506 3827 562 3881 nisi
575 3827 648 3896 quael
660 3827 765 3881 Probus
774 3827 988 3896 interpraetatur
999 3824 1141 3879 santonica
1151 3823 1267 3878 cuculle:
1277 3821 1369 3890 aalma

223 3912 301 3979 fusco
320 3919 344 3968 et
363 3913 474 3968 torrido
492 3915 674 3970 urdeltuuculc
693 3915 785 3983 quales
804 3919 869 3967 sunt
892 3913 1109 3968 latrunculorum
1133 3917 1183 3966 aut
1206 3927 1240 3966 eac
1263 3911 1371 3964 lucerua

225 4001 304 4069 turpi
321 4002 442 4056 intincta.
464 4002 504 4056 Cf.
515 4001 600 4057 schol.
611 4001 690 4057 codd.
705 4001 782 4056 Voss.
802 4019 844 4054 nr.
865 4002 897 4054 18
917 4005 944 4055 et
958 4002 1004 4054 64:
1026 3999 1187 4055 Santonica:
1205 3997 1371 4052 Santonicus

225 4089 295 4142 calor
312 4095 350 4142 est
366 4091 462 4156 fuscus
480 4095 505 4144 et
526 4089 753 4158 vilissimasque
776 4089 933 4156 inficiebant
954 4105 989 4156 se,
1013 4088 1061 4157 qui
1081 4086 1118 4141 ael
1136 4088 1257 4156 lupanar
1278 4099 1372 4156 perae·

225 4177 300 4245 buret,
320 4193 353 4230 ue
372 4183 590 4247 annumeremur,
610 4181 637 4232 ct
658 4178 782 4232 Cramcri
800 4177 835 4231 ud
854 4177 881 4231 h.
901 4176 986 4232 schol.
1007 4176 1101 4230 adnot.
1127 4177 1145 4229 l.
1166 4193 1188 4229 c.
1207 4192 1236 4244 p.
1255 4175 1308 4227 326
1327 4189 1370 4240 sq.

326 4268 337 4298 ⁴
356 4266 448 4320 Valla:
469 4266 558 4320 Multo
576 4266 737 4334 sufflamine.
750 4267 832 4319 resulta
852 4265 974 4319 anhelitu
989 4269 1037 4318 aut
1049 4263 1207 4318 retinacula.
1226 4261 1370 4328 sufflamen

225 4353 294 4407 enim
313 4354 405 4424 lnquit
425 4355 528 4409 Probus
547 4353 616 4409 illud
633 4354 774 4409 machinae
790 4370 874 4424 aeuus
894 4359 933 4408 est
951 4370 1003 4423 auu
1021 4352 1053 4406 in
1077 4353 1229 4407 catabatmc
1259 4351 1308 4404 luac
1332 4352 1371 4402 est

224 4441 254 4495 e'n
272 4441 399 4496 descensu
417 4443 457 4497 uel
473 4458 608 4512 procursu
626 4441 712 4496 nimio
731 4447 791 4496 rota
810 4443 875 4496 salet
892 4440 1006 4495 retineri
1032 4479 1038 4492 .
1058 4478 1063 4492 .
1084 4483 1090 4495 .
1115 4483 1120 4495 .
1154 4439 1260 4493 Eadem
1278 4453 1323 4492 res
1341 4439 1371 4489 ct

225 4529 255 4582 in
273 4528 434 4584 Pithoeanic
453 4534 481 4585 ct
500 4530 529 4584 in
547 4529 689 4586 Vossicnis
707 4530 819 4584 scholiis
838 4529 921 4599 plane
940 4527 1001 4583 aliis
1020 4527 1113 4584 verbis
1132 4527 1298 4597 explicatur.
