3234 5038
794 367 827 420 13

235 564 282 607 eos
304 550 487 608 contemnens
506 543 637 615 sestiaca
682 541 718 599 In
741 540 841 602 codiee
861 546 960 599 autem
971 539 1064 600 Mont.
1088 539 1125 598 ad
1147 538 1177 598 h.
1193 540 1213 599 l.
1236 539 1386 618 adscripta

236 653 305 707 sunt
333 647 407 706 haec
437 644 565 703 scholia:
600 640 735 714 (sinistro
768 635 917 717 margine)
946 642 1138 714 Praecipitem
1160 684 1167 700 .
1189 640 1386 711 festinantem.

237 779 277 789 -
289 750 351 809 Nec
367 749 455 822 prior
477 747 586 822 calleyo
603 746 710 804 salutet
729 789 735 803 .
754 745 801 803 oct
823 746 973 816 aspectant
994 743 1073 818 litent
1088 787 1094 802 .
1112 743 1166 802 has
1187 743 1321 803 orbesat
1342 743 1385 801 dt·

233 850 305 908 altos
332 849 394 907 cult
422 847 556 922 miello'pi.
586 875 627 885 -
656 843 776 919 (dextro
807 840 956 919 margine)
985 843 1182 916 Wpilanltbus
1204 844 1291 903 orbis,
1335 843 1387 903 Ad

236 967 307 1025 quos
335 951 502 1023 heredipetas
533 947 658 1024 pipilant
689 963 767 1006 aune
799 949 832 1004 at
865 945 921 1004 sobi
942 949 1046 1018 pretor
1068 948 1193 1005 tutorem
1213 945 1297 1005 deret
1312 988 1320 1004 .
1336 945 1387 1020 qut

234 1054 356 1124 propter
377 1053 526 1123 pretorem
552 1048 677 1122 otclloat
693 1092 700 1106 .
716 1047 849 1121 quamvis
871 1049 972 1118 pretor
995 1063 1043 1106 eos
1065 1050 1248 1106 contemnat.
1264 1045 1387 1117 sestiaca}

235 1155 330 1211 tamea
356 1153 407 1224 qai
424 1151 520 1223 pstor.
564 1149 600 1207 In
624 1147 688 1208 ood.
712 1146 802 1223 Sang.
834 1145 935 1204 eadem
963 1145 1056 1206 verba
1084 1151 1212 1220 exstant,
1246 1145 1298 1204 sed
1327 1165 1385 1205 uno

234 1256 337 1309 tenore
363 1251 474 1327 scripta
495 1249 551 1308 hoc
574 1248 687 1321 ordine,
720 1252 754 1305 ut
774 1251 859 1324 post:
882 1248 1057 1319 precipiam
1074 1291 1080 1305 .
1096 1247 1293 1318 festinaatem.
1327 1247 1386 1325 pri·

235 1371 315 1409 mum
337 1355 499 1427 sequantur
514 1349 620 1409 verba:
651 1349 846 1422 Wpilaattbas
862 1379 901 1391 -
917 1347 968 1421 qai
985 1348 1093 1421 prior„
1116 1346 1236 1407 deinde:
1263 1349 1324 1408 Nea
1346 1377 1385 1389 -

234 1451 375 1526 tatellept;
396 1469 462 1511 voa.
486 1451 563 1509 litem
587 1467 687 1508 errore
710 1449 788 1508 inter
812 1449 898 1508 orbas
920 1453 950 1506 ct
972 1452 998 1506 et
1020 1448 1124 1508 divites
1147 1447 1332 1507 collocatum.
1347 1477 1385 1488 -

234 1551 347 1610 Eodem
369 1551 456 1625 redit,
491 1549 569 1627 quod
595 1551 709 1627 primae
739 1553 857 1608 saturae
887 1547 1051 1625 inscriptio,
1084 1568 1159 1626 quae
1187 1553 1286 1608 exstat
1307 1548 1385 1626 apud

235 1652 390 1711 Iahnium:
425 1651 486 1712 (har
507 1656 628 1712 saturas
649 1653 777 1724 scribat,
816 1669 912 1726 neque
934 1651 964 1708 in
987 1649 1080 1709 Mont.
1103 1649 1216 1726 legitur
1238 1678 1276 1690 —
1306 1655 1386 1710 certe

234 1753 386 1812 Bonnetus
417 1772 448 1812 se
479 1771 543 1810 eam
569 1771 626 1811 non
654 1752 786 1828 reperire
818 1751 1001 1828 scripsit-
1023 1769 1118 1827 neque
1140 1751 1171 1808 in
1193 1749 1283 1828 Sang.
1327 1751 1385 1810 Ne·

238 1872 295 1930 que
332 1872 397 1912 eam
431 1852 567 1913 invenias
599 1857 650 1910 aut
684 1851 761 1928 apud
790 1852 910 1912 Vallam
945 1857 996 1910 aut
1030 1851 1108 1928 apud
1141 1851 1300 1912 Pithoeum
1335 1857 1387 1912 aut

237 1952 315 2030 apud
339 1951 519 2012 Cremeram.
563 1952 688 2028 Legitur
710 1953 740 2010 in
764 1953 892 2012 editione
915 1952 1128 2012 Heinriohiana
1153 1973 1179 2012 a.
1205 1955 1303 2026 18393
1326 1953 1385 2012 Ru·

239 2055 353 2130 pertius
366 2059 465 2112 autem
482 2072 497 2111 e
512 2052 611 2112 nescio
627 2053 734 2129 quibus
751 2053 902 2112 codicibus
918 2054 969 2114 vel
984 2053 1165 2112 editionibus
1181 2055 1294 2113 similes
1315 2055 1385 2113 titu-

235 2153 281 2213 los
303 2154 419 2231 profert
442 2149 521 2229 (qu.
544 2149 755 2231 v.1p.177).
803 2154 916 2214 Dubito
939 2173 1022 2231 vero,
1043 2175 1114 2214 num
1135 2154 1208 2214 baec
1230 2155 1384 2232 inscriptio

218 2271 220 2277 ⁴
236 2256 358 2332 antiqua
377 2256 429 2328 sit;
453 2259 532 2314 certe
548 2254 643 2314 forma
660 2260 858 2313 caeterarum
874 2259 1041 2314 saturarum
1057 2255 1155 2313 titulis
1170 2254 1329 2333 discrepat.
1345 2287 1382 2295 —

236 2355 286 2414 Ad
308 2355 409 2413 X271
434 2355 464 2412 in
487 2354 551 2414 cod.
574 2355 666 2414 Mont.
689 2373 734 2431 pr.
757 2376 795 2413 m.
819 2356 850 2412 in
876 2356 1009 2432 margine
1039 2354 1220 2433 adscriptum
1253 2361 1299 2414 est
1327 2356 1384 2416 hoe

238 2455 399 2514 scholium:
421 2456 533 2515 Ealtas
554 2458 587 2516 td
601 2461 643 2516 est
654 2457 777 2530 priami.
821 2456 905 2515 Idem
919 2457 1032 2533 legitur
1046 2457 1076 2515 in
1094 2456 1157 2516 cod.
1174 2454 1263 2532 Sang.
1297 2453 1384 2523 Quod

235 2561 333 2614 tamen
363 2556 393 2613 in
423 2555 507 2614 nulla
535 2554 630 2614 adhue
657 2555 838 2616 scholiorum
861 2556 990 2616 editione
1012 2561 1130 2616 exstare
1152 2556 1241 2617 valde
1263 2557 1355 2616 miror
1364 2553 1383 2613 ¹.

335 2658 472 2735 Denique
495 2677 560 2715 eum
584 2656 703 2716 Pithoei
725 2659 756 2716 in
778 2663 839 2718 vet.
864 2657 956 2716 schol.
973 2657 1108 2716 Iuvenal.
1128 2662 1214 2716 notas
1236 2658 1384 2717 interdum

236 2779 294 2818 non
311 2759 476 2818 consentire
491 2757 633 2817 vidissem
650 2777 715 2816 oum
732 2758 783 2831 eis,
807 2777 882 2835 quae
894 2757 1017 2815 Iahnius
1034 2757 1070 2816 de
1087 2756 1232 2818 codicisP
1247 2757 1385 2817 lectioni-

235 2860 292 2918 bus
321 2859 453 2932 adnotat,
484 2858 520 2916 de
547 2857 594 2916 hia
618 2857 826 2934 discrepantiis
848 2858 1016 2917 Bonnetum
1046 2858 1196 2932 consului;
1228 2860 1310 2918 ouius
1339 2879 1384 2918 re·

237 2961 353 3037 sponsis
368 2960 543 3037 plerumque
554 2957 721 3031 Pithoeum‚
738 2957 852 3018 duobus
864 2959 939 3018 locis
949 2958 1096 3036 Iahnium,
1111 2959 1258 3018 interdum
1273 2967 1384 3019 utrum·

236 3080 292 3139 que
323 3081 381 3121 non
410 3061 482 3119 satis
513 3059 673 3136 diligenter
700 3059 842 3118 lectiones
871 3059 980 3119 codicis
1008 3060 1156 3119 indicasse
1185 3061 1293 3118 certior
1320 3078 1385 3118 sum

234 3163 338 3222 faetus.
374 3162 424 3221 Ad
441 3161 534 3221 schol.
552 3161 628 3220 enim
644 3160 681 3218 ad
696 3160 741 3220 IV
756 3161 796 3220 53
812 3159 955 3220 Pithoeus
970 3161 991 3220 l.
1008 3181 1032 3219 o.
1049 3161 1183 3220 adnotat:
1207 3153 1385 3235 Pulsatae)

235 3265 352 3337 Repoae
373 3281 409 3324 aa
427 3267 480 3323 oet.
493 3262 652 3333 Palfarlas
667 3261 748 3322 Sara
764 3260 937 3322 Consularis
956 3263 1015 3321 otri
1035 3255 1136 3334 altas.²
1169 3260 1291 3318 Iahnius
1312 3279 1384 3322 vero

234 3363 276 3421 ita
300 3363 405 3421 edidit:
428 3363 587 3434 Polfarlas
610 3362 699 3434 Sara,
722 3363 892 3422 consolaris
911 3362 1003 3433 filius,
1026 3361 1135 3420 omisso
1158 3381 1223 3422 voc.
1246 3363 1324 3432 atra·
1353 3362 1384 3420 in

237 3462 334 3522 adnot.
351 3463 415 3522 crit.
431 3463 504 3521 haec
526 3449 760 3521 tantum'addit:
781 3449 940 3520 ‘Palfirius
950 3459 1028 3538 Syra
1050 3461 1109 3521 Ps.
1126 3479 1202 3521 corr.
1212 3444 1256 3534 pf
1272 3489 1311 3500 -
1325 3460 1383 3518 Ne-

236 3582 292 3639 que
308 3569 408 3622 exstat
422 3563 452 3621 in
475 3563 538 3622 eod.
550 3563 643 3622 Mont.
660 3583 724 3623 voc.
747 3565 821 3637 alra
848 3563 926 3640 quod
951 3561 1070 3638 aSang.
1096 3580 1212 3640 quoque
1234 3561 1327 3619 abest.
1344 3591 1384 3602 -

234 3662 283 3721 Ad
297 3663 389 3723 schol.
406 3663 443 3722 ad
455 3663 534 3723 VIII
546 3665 585 3724 66
595 3663 718 3723 Iahnius
733 3664 806 3723 haee
821 3664 955 3724 adnotat:
970 3651 1068 3724 ‘oetas
1083 3651 1184 3724 accub
1198 3659 1347 3724 redarion’
1360 3681 1384 3736 p

234 3757 288 3836 (ι-
302 3761 461 3837 Pithoeus3
495 3764 636 3840 leguntur
664 3765 719 3824 illa
745 3765 839 3826 verba
860 3766 891 3824 in
913 3765 992 3824 notis
1014 3764 1051 3823 ad
1073 3771 1134 3824 vet.
1159 3761 1277 3840 schol).
1300 3781 1337 3824 aa
1357 3764 1387 3822 P

232 3865 308 3922 orihel
339 3867 511 3925 adnotatam
542 3871 592 3926 est.
617 3842 653 3906 ’-
678 3866 715 3924 In
744 3866 845 3925 codice
879 3870 978 3924 exstat
1008 3867 1158 3940 redarum,
1192 3865 1244 3924 sed
1264 3866 1316 3938 ita,
1349 3869 1383 3923 ut

233 4027 431 4037 ———

334 4137 343 4168 ¹
364 4135 461 4191 Obiter
481 4136 674 4206 corrigendum
695 4141 737 4191 est
755 4137 886 4190 mendum
906 4137 1046 4205 quoddam
1065 4137 1218 4192 Iahnianae
1236 4135 1380 4202 editionis3

232 4223 272 4277 ibi
293 4224 367 4277 enim
386 4225 415 4277 in
436 4225 521 4279 schol.
541 4224 576 4278 ad
595 4224 622 4278 II
642 4227 676 4278 27
695 4225 764 4279 haec
782 4224 925 4294 leguntur:
955 4223 1068 4280 Clodius
1088 4231 1112 4280 et
1131 4224 1255 4280 Clodium
1274 4239 1382 4278 ‹accusa-

232 4311 304 4364 aerit
321 4311 354 4378 [P
374 4311 529 4380 cerussata
559 4311 675 4383 eSang.
699 4317 793 4366 autem
817 4329 869 4383 ego
895 4313 1015 4367 corusca
1038 4313 1158 4382 enotavi,
1184 4330 1240 4366 non
1263 4316 1294 4365 ut
1320 4310 1381 4363 lah-

233 4398 294 4452 nius
314 4399 401 4454 refert
420 4401 596 4468 accusatam),
631 4401 678 4469 qai
697 4407 723 4455 et
741 4402 772 4454 ia
790 4401 888 4470 templo
907 4402 993 4455 bonae
1012 4400 1076 4456 deae
1096 4400 1222 4457 Caesaris
1242 4397 1381 4452 adultera·

231 4487 279 4540 ait.
311 4486 407 4542 Deest:
426 4503 550 4557 oaorem3
572 4489 646 4557 quod
666 4489 832 4544 vocabulum
854 4493 881 4543 et
900 4489 930 4542 in
949 4490 1008 4544 eod.
1029 4489 1118 4545 Mont.
1139 4494 1167 4544 et
1188 4489 1217 4542 in
1236 4487 1319 4556 Sang.
1338 4502 1381 4554 pr.

232 4593 268 4628 m.
288 4575 423 4644 seriptum
443 4579 534 4632 exstat
552 4581 615 4646 post
633 4576 805 4633 adulteravit.
