3234 5038
466 525 526 582 238
539 529 650 582 utram·

464 643 521 702 quo
537 621 648 683 schol.¹

221 1225 280 1283 246

222 1325 281 1382 247

701 1408 778 1473 *249
790 1415 873 1491 prius

221 1522 417 1580 tusciarum
447 1517 453 1530 ’
775 1514 888 1576 schol.⁰

308 1620 401 1680 schol.
920 1613 1118 1672 ⁰250utram·

932 1733 990 1791 que
1005 1711 1119 1773 schol.⁶

319 2167 328 2198 ¹
346 2165 439 2219 Valla:
472 2164 622 2234 Eripereut
638 2179 760 2217 somnam
777 2163 869 2218 druso.
893 2164 942 2233 pai
958 2163 1153 2218 somniculosus
1173 2168 1232 2217 erat
1251 2200 1366 2217 .....

224 2253 374 2322 Vitulisaue
391 2252 516 2308 marinis.
533 2251 613 2306 uituli
631 2251 701 2306 emim
719 2251 820 2306 marini
831 2251 944 2306 multum
956 2251 1111 2320 sopiuntur.
1130 2249 1170 2304 Gi.
1184 2251 1268 2306 etism
1282 2251 1366 2318 gloss.

217 2339 310 2394 interl.
330 2339 389 2394 cod.
410 2339 486 2394 Voss.
505 2358 548 2393 nr.
571 2341 613 2392 18:
634 2338 729 2392 druso:
750 2337 822 2393 deest
847 2338 935 2393 etiam
962 2354 1014 2406 pro
1040 2338 1156 2408 quolibet
1181 2339 1366 2394 somniculosa.

318 2427 441 2482 ²Valla:
460 2427 501 2483 Et
523 2428 627 2498 iapeuti
652 2456 684 2466 -
704 2427 818 2482 liburno.
846 2426 982 2482 liburnum
1004 2427 1126 2483 lecticam
1149 2443 1275 2498 mapsam
1298 2426 1367 2482 ctctt

218 2520 350 2586 tauquam
373 2515 513 2585 accipiam
530 2522 556 2571 et
574 2517 631 2572 eius
648 2515 753 2571 baiulos
771 2516 893 2571 liburuos
911 2516 969 2584 ipse
987 2515 1055 2570 alibi
1073 2521 1149 2570 uocat
1167 2515 1245 2570 tarde
1263 2515 1367 2572 ueumse

216 2603 341 2659 librerias
363 2603 474 2659 dicitur.
504 2604 557 2659 Est
576 2610 600 2660 et
619 2605 745 2659 libamus
761 2605 840 2659 uocis
857 2604 958 2675 species
978 2621 997 2658 a
1014 2603 1133 2658 liburnis
1147 2603 1261 2671 populis
1281 2644 1288 2657 .
1308 2645 1314 2658 .
1332 2644 1339 2658 .
1359 2645 1366 2658 .

217 2692 263 2746 At
288 2695 442 2746 extremam
462 2696 573 2761 partem
592 2692 674 2746 huius
694 2692 794 2748 scholii
813 2692 848 2747 of.
867 2693 950 2762 gloss.
969 2691 1062 2746 interl.
1082 2691 1142 2746 ood.
1160 2691 1238 2746 Voss.
1258 2710 1300 2745 nr.
1321 2690 1365 2745 18:

216 2779 338 2834 lituruo:
357 2779 404 2834 uec
421 2780 476 2834 loco
493 2780 611 2834 lecticam
630 2779 773 2848 sipiificat.
792 2785 831 2834 est
850 2780 931 2834 etiam
958 2780 1082 2834 liburmus
1098 2796 1183 2849 pomus
1202 2780 1319 2851 uaaipii,
1338 2785 1368 2835 oi

219 2867 305 2922 schol.
324 2867 446 2922 ciusdem
460 2868 533 2922 cod.:
554 2868 675 2922 liburmo:
694 2882 778 2936 pomus
796 2867 909 2922 vehiculi
924 2867 954 2921 im
973 2867 1078 2922 modum
1096 2868 1185 2923 uocis.
1203 2883 1268 2922 uam
1285 2868 1366 2924 libur-

217 2972 281 3008 utem
304 2955 419 3010 dicimus
440 2971 554 3023 parcam
576 2955 732 3010 uaoiculam
759 2972 813 3024 qua
837 2956 928 3010 utitur
947 2956 1117 3010 liburnorum
1131 2971 1196 3026 pens
1212 2956 1368 3026 pyraticam

218 3059 349 3098 exerceas.
369 3073 402 3082 -
423 3043 605 3098 Pithoeanum
625 3044 661 3098 ad
680 3044 706 3098 h.
717 3045 735 3097 l.
747 3044 882 3098 scholium
895 3044 936 3098 ita
948 3043 1008 3098 iera
1020 3045 1106 3098 scribi
1118 3046 1214 3099 velim:
1235 3045 1366 3100 Liburno.

219 3149 237 3186 a
255 3132 349 3186 lectica
368 3146 468 3201 mapua
489 3131 628 3187 tourtam
641 3148 710 3201 puae
726 3132 921 3202 inseparatos
933 3133 1055 3188 liburnos
1067 3137 1119 3188 eto.
1134 3133 1179 3202 (af.
1194 3133 1279 3188 schol.
1292 3133 1366 3187 Pith.

218 3219 253 3275 ad
272 3219 311 3274 VI
324 3219 397 3287 477).

320 3309 330 3341 ⁸
350 3307 441 3362 Valla:
462 3307 552 3376 Atque
570 3307 656 3362 obiter
674 3308 746 3378 lepet.
768 3308 853 3362 obiter
872 3308 1043 3376 simulatque
1055 3307 1163 3364 iuterim
1176 3308 1255 3377 quasi
1268 3309 1368 3363 circum

219 3397 277 3451 iter.
299 3397 338 3451 ef.
349 3397 433 3467 gloss.
444 3396 537 3450 interl.
550 3396 607 3450 aod.
620 3396 696 3451 Voss.
704 3414 747 3450 nr.
762 3398 805 3451 18:
825 3397 923 3452 obiter:
942 3398 981 3451 ael
998 3396 1079 3452 simm
1093 3397 1203 3467 pariter
1220 3396 1250 3451 iu
1269 3397 1364 3462 cuum,

218 3491 247 3541 et
264 3486 387 3540 ciusdem
406 3484 466 3539 cod.
485 3485 632 3539 scholium:
652 3485 738 3540 aliter
756 3486 776 3537 i.
795 3485 859 3538 olum
877 3484 907 3538 iu
925 3484 1025 3538 itinere
1044 3490 1083 3540 est
1101 3490 1126 3539 et
1144 3485 1208 3540 dara
1226 3484 1279 3539 iter
1295 3483 1367 3551 facit

218 3573 299 3642 auosi
316 3574 415 3628 circum
433 3574 500 3628 itur.
538 3573 624 3628 Gloss.
639 3574 739 3628 Paris:
760 3574 844 3629 obiter
862 3573 892 3628 ta
910 3578 950 3628 est
968 3573 1055 3627 simul.

321 3661 442 3716 ‘Vallsz
469 3661 555 3716 Uada.
575 3661 728 3716 multitudo.
1236 3723 1238 3727 ι

319 3752 329 3783 ⁵
348 3749 440 3804 Valla:
452 3750 530 3804 Ferit
540 3751 582 3804 liic
592 3752 668 3806 alter.
685 3751 834 3806 lecticarios
845 3749 913 3806 dicit
926 3766 958 3806 ac
968 3751 1074 3820 peruios
1083 3751 1210 3818 etfabros
1220 3750 1366 3821 tipmarios.

319 3842 329 3872 ⁶
348 3839 441 3892 Valla:
461 3839 560 3894 Nomue
578 3839 652 3894 praes
671 3846 771 3908 quauta
789 3840 939 3894 celebratur
957 3839 1079 3907 sportula
1098 3841 1181 3907 famo.
1201 3845 1305 3910 quatuo
1317 3840 1368 3907 piot

219 3926 345 3982 incitatio
367 3944 426 3982 cum
451 3928 498 3997 qui
519 3928 670 3996 sportulam
693 3933 872 3998 occoeperaut
898 3927 1045 3982 coamoium
1068 3927 1100 3982 ete
1121 3927 1171 3982 illo
1191 3929 1244 3983 silai
1260 3929 1368 3995 faciam
1399 3925 1402 3930 '

219 4015 250 4068 iu
269 4030 412 4070 commuue.
437 4021 544 4070 tautam
564 4017 675 4086 quisque
693 4016 846 4071 concivium
864 4015 895 4069 dc
912 4015 961 4070 illa
979 4016 1033 4070 siai
1046 4017 1189 4086 palmento
1206 4017 1368 4083 comfereutes

217 4103 334 4170 faciunt.
355 4134 388 4142 —
408 4103 500 4158 Schol.
520 4104 579 4159 cod.
598 4104 675 4158 Voss.
695 4121 737 4159 nr.
755 4105 798 4156 18:
820 4105 920 4158 Noaue
939 4103 1024 4158 uides:
1046 4104 1157 4175 Quanta
1174 4104 1301 4159 invitatio
1317 4104 1368 4171 {iat

217 4208 275 4246 cum
294 4193 341 4262 pai
360 4194 508 4260 sportulam
528 4194 680 4263 acceperint
699 4192 849 4248 concivium.
868 4193 975 4261 faciam
994 4193 1136 4248 collatione
1154 4192 1293 4248 communi.
1322 4191 1368 4246 So·

218 4281 314 4348 quitur
339 4285 370 4335 ut
395 4282 424 4335 in
450 4281 555 4336 scholio
573 4283 728 4336 Pithoeano
746 4282 894 4352 legendum
913 4282 961 4335 sit:
990 4281 1118 4336 iuvitatio
1136 4280 1196 4347 fiat.
1233 4279 1367 4334 Extrema

219 4372 311 4422 sutem
333 4386 398 4438 pars
422 4370 665 4440 interpretamenti
683 4370 806 4425 Valliani
834 4388 868 4424 ox
896 4369 1006 4425 scholiis
1030 4369 1104 4424 Pith.
1127 4369 1163 4423 ad
1182 4387 1208 4423 v.
1226 4369 1366 4422 moeon-

217 4454 285 4508 flats
303 4473 362 4510 esse
382 4457 502 4512 videtur.
540 4457 647 4513 Deinde
665 4457 758 4512 Vallo:
777 4457 883 4512 (laima.
901 4459 1027 4526 coquina.
1047 4457 1088 4512 cf.
1101 4457 1184 4527 gloss.
1196 4455 1289 4510 interl.
1305 4474 1366 4510 oen·

219 4543 292 4596 tonis
320 4543 518 4614 Sangallensis:
546 4545 657 4600 Gali-ua:
683 4546 801 4615 oopaiua
820 4545 1018 4613 apalmiam,
1045 4550 1074 4600 et
1091 4545 1173 4614 gloss.
1194 4543 1285 4598 interl.
1305 4545 1367 4598 cod.
