3234 5038
745 332 781 384 2⁷

192 511 325 578 videtum
359 513 438 568 certe
461 507 532 585 quid
562 526 595 566 eo
618 509 730 567 fectum
752 509 801 585 sit,
834 527 919 567 nemo
951 514 996 567 est
1017 509 1151 568 virorum
1182 508 1337 568 doctorum

192 610 244 687 qui
276 610 359 668 sciet.
404 608 585 686 Magnopere
616 609 709 684 igitar
731 609 890 668 dolendum
920 615 966 668 est
995 628 1032 666 ne
1053 609 1174 668 Vellem
1208 609 1336 686 quidem,

193 709 291 787 qualis
314 709 366 768 ille
388 711 488 782 fuerit,
513 710 585 769 setis
609 714 745 768 accurate
761 709 965 786 descripsisse.
1010 709 1092 768 Haec
1113 715 1228 768 tentum
1250 708 1286 768 de
1302 727 1336 768 eo

193 812 223 869 in
234 810 432 887 praefatione:
456 805 552 886 ‘Sane
574 811 681 886 inquit,
704 811 844 882 comperti
858 810 930 868 mibi
943 814 1012 868 snut
1025 827 1119 881 nuper
1137 809 1224 882 probi
1237 827 1335 882 qram-

191 913 289 971 motici
309 913 343 968 in
368 913 531 971 inaenutem
557 911 755 970 commentarii
782 914 923 983 quantum
949 910 1046 969 adbuc
1072 910 1237 968 audiverim
1261 910 1337 968 uuili

190 1012 244 1072 otii
265 1013 372 1084 aconiti
393 1015 444 1071 scd
472 1013 564 1070 mirae
589 1011 757 1070 breuitatis:
790 1011 921 1083 alioquin
948 1014 1043 1068 tamen
1070 1027 1211 1083 perquam
1233 1025 1337 1081 oppor-

191 1117 277 1172 tunos
309 1113 470 1186 aliqnando
491 1129 522 1171 se
542 1113 627 1171 nobis
656 1111 842 1171 obtulerunt:
878 1112 1047 1170 obtulissent
1069 1126 1137 1170 aero
1157 1125 1220 1168 sese
1241 1109 1337 1168 adbuc

189 1215 283 1286 mauis
304 1214 364 1272 nisi
386 1214 470 1272 nobis
496 1201 616 1286 sinuato
639 1213 818 1272 rimantibus
844 1213 952 1272 codicis
973 1213 1096 1272 amnium
1122 1211 1238 1270 cariosa
1263 1209 1336 1268 inci-

190 1315 281 1372 disset
306 1317 455 1372 uetustas:
489 1317 516 1371 ct
542 1314 569 1371 si
595 1315 629 1370 in
659 1329 757 1372 cunas
789 1313 877 1371 libros
907 1314 1045 1384 empna·
1074 1312 1255 1370 habeantur:
1287 1309 1338 1382 qui

189 1413 240 1470 aia
270 1413 349 1472 tertii
381 1413 451 1471 libri
483 1413 638 1472 secuudum
672 1413 796 1485 ottioere
825 1415 966 1485 saturam.
1016 1411 1243 1486 Incipitaaimus
1271 1425 1337 1468 uero

188 1513 248 1586 ipsi
269 1515 297 1572 si
317 1513 400 1572 modo
424 1515 457 1572 id
483 1516 617 1588 consequi
647 1514 819 1587 potuimus:
851 1517 884 1570 ut
914 1512 1009 1570 omnis
1040 1513 1129 1572 buius
1154 1514 1257 1584 poetae
1282 1528 1336 1583 pa·

188 1616 259 1672 teret
282 1615 429 1672 eruditio:
458 1616 547 1688 probi
567 1616 828 1687 interpretamenta
848 1614 1012 1673 cuiusmodi
1033 1629 1067 1672 eo
1088 1612 1212 1684 fuerunt
1225 1633 1235 1670 .·
1263 1629 1337 1685 qnae

183 1715 275 1787 pimae
299 1716 465 1788 pacciano
490 1719 559 1773 sunt
587 1731 622 1773 ne
648 1716 681 1772 in
712 1715 835 1772 minimo
862 1713 979 1787 quidem
1000 1717 1088 1786 porte
1117 1713 1336 1772 subtrouimns:

188 1818 241 1872 oni
263 1807 497 1874 immutavimus.²
540 1813 590 1871 Ad
612 1812 692 1872 VIII
718 1831 791 1872 vero
815 1818 869 1872 set.
892 1833 922 1872 v.
947 1812 1119 1872 lievilla
1145 1811 1219 1870 haee
1250 1811 1337 1870 edno-

189 1919 246 1970 tet:
281 1908 344 1972 ‘bio
366 1904 419 1972 uos
439 1915 500 1972 iam
522 1916 629 1974 deserit
649 1915 762 1988 probus
782 1931 834 1973 neo
854 1915 936 1974 ultra
963 1915 1040 1974 buno
1073 1915 1165 1974 locum
1196 1917 1338 1987 quantum

190 2015 231 2073 ad
251 2029 294 2072 me
311 2016 480 2085 peruenerit
510 2016 723 2087 interpretatus
746 2019 788 2074 ost
814 2009 993 2089 quicquam)
1038 2014 1116 2073 Haeo
1139 2015 1336 2089 santonum,

189 2131 265 2191 quse
287 2113 323 2171 de
346 2113 446 2172 codiee
474 2115 528 2173 illo
551 2115 642 2174 Velle
672 2122 790 2188 nanst3
824 2116 971 2192 utigitur
999 2115 1165 2174 accuratius
1199 2134 1265 2173 eum
1291 2133 1337 2173 co·

187 2232 374 2290 grassamur,
398 2217 558 2292 praeeIpue
578 2221 612 2274 nt
639 2216 804 2293 videamus,
825 2235 900 2293 quse
923 2217 1000 2274 inter
1031 2235 1096 2274 enm
1124 2220 1153 2272 et
1174 2214 1338 2274 Pithoeens

190 2313 304 2374 scholia
325 2316 491 2374 intercedet
512 2317 599 2385 ratio,
623 2316 783 2392 diligenter
804 2317 996 2394 inspiciemus
1020 2322 1137 2393 oportet
1159 2322 1189 2376 et
1203 2336 1337 2394 perscru-

191 2419 287 2472 temur
308 2415 415 2475 Valles
438 2417 470 2474 in
492 2416 666 2477 Iuvenalem
691 2418 941 2476 commentorium.
985 2414 1046 2475 Sed
1070 2423 1137 2475 ente
1163 2417 1336 2476 indicandos

191 2533 256 2573 esse
277 2535 392 2594 censeo,
421 2518 472 2595 qui
495 2517 591 2576 adhuc
615 2517 651 2576 de
672 2518 728 2577 hoo
751 2536 784 2576 re
807 2518 992 2595 scripserint.
1034 2516 1174 2579 Breviter
1195 2516 1337 2577 Pithoeus

189 2635 253 2674 esm
284 2618 385 2693 obtigit
414 2619 446 2676 in
468 2613 637 2678 ‘monendis
645 2613 661 2692 ’‚
695 2637 771 2696 quae
801 2618 910 2678 adiecit
931 2617 1085 2678 Iuvenalis
1109 2617 1231 2676 editioni
1256 2617 1336 2676 Pari·

188 2716 271 2775 sinae
300 2737 326 2776 a.
352 2719 442 2791 1585,
475 2737 549 2795 quse
578 2719 757 2794 compluries
789 2720 849 2776 ism
880 2719 1117 2778 commemoravi.
1163 2719 1235 2778 Post
1270 2736 1337 2776 eum

189 2815 331 2874 iudicium
347 2816 383 2874 de
397 2817 454 2876 hae
475 2836 508 2876 re
528 2818 664 2876 fecerunt
678 2817 833 2878 Oromenus
850 2838 909 2877 non
923 2819 1060 2878 omnibus
1075 2819 1211 2896 pertibus
1225 2820 1338 2877 iustum

188 2921 361 2992 rectumque
384 2917 405 2974 1.
430 2918 548 2994 saepius
569 2936 594 2976 o.
617 2938 646 2995 p.
669 2920 690 2977 4
714 2938 789 2994 sqq„
823 2919 1018 2979 falsissImnm
1047 2938 1119 2980 vero
1143 2919 1278 2979 Osennus
1307 2919 1337 2978 in

190 3089 388 3096 —————-.--

189 3203 403 3258 haereditatibus
418 3205 562 3272 potiretur,
590 3221 687 3260 cenem
706 3206 874 3274 absumpsit:
900 3207 1096 3276 subtractisque
1114 3209 1206 3264 anubis
1224 3213 1248 3264 et
1264 3207 1337 3274 falso

189 3293 291 3346 tabuiis
310 3292 428 3362 siqnatis
446 3293 626 3349 haereditates
644 3311 746 3349 summo
763 3296 857 3350 scelere
873 3302 1031 3351 contemtus
1047 3297 1108 3350 est’.
1146 3295 1217 3350 Usus
1231 3301 1273 3350 ost
1285 3296 1337 3350 hoc

190 3381 250 3434 loeo
269 3380 464 3450 Mencineilus‚
491 3383 540 3451 qui
565 3383 595 3436 in
612 3401 661 3437 suo
681 3387 880 3440 commentario
900 3386 1035 3454 (Venetiis
1055 3403 1079 3439 s.
1101 3384 1181 3453 1492)
1200 3383 1268 3437 hoec
1288 3384 1334 3438 sd·

187 3470 279 3522 notet:
299 3466 414 3523 ‘Tribus
428 3471 558 3540 patruis.-
577 3471 610 3526 de
627 3471 687 3542 ipso
707 3472 825 3542 tideino
843 3474 1057 3544 inteilipeudum:
1077 3473 1179 3542 probus
1202 3471 1271 3526 euim
1294 3471 1337 3541 (nt

189 3556 278 3622 airmt)
296 3557 336 3612 sic
354 3559 482 3627 scripsit:
502 3559 543 3612 M.
563 3560 697 3629 aptonius
716 3560 852 3630 tipiliinns
870 3558 957 3616 bomo'
979 3566 1030 3616 cet.
1049 3566 1081 3614 ut
1100 3578 1192 3630 supro.
1229 3560 1283 3614 Sed
1301 3579 1336 3614 ne

189 3643 353 3699 Celderinus
373 3645 485 3714 quidem
504 3647 589 3701 Probi
608 3649 735 3702 libellum
755 3649 908 3718 inspexisse
928 3649 1049 3711 videtur,
1070 3649 1202 3717 quonism
1219 3649 1335 3703 circum·

187 3731 256 3786 ferri
269 3732 323 3786 hoc
333 3733 525 3788 testimonium
536 3735 614 3803 dioit,
634 3736 682 3791 sed
694 3737 843 3806 descripsit
856 3755 871 3790 e
884 3737 975 3790 neseio
996 3753 1052 3803 quo
1072 3736 1218 3804 proximae
1235 3737 1336 3791 aetatis

186 3821 331 3889 scriptore.
369 3822 402 3875 Id
426 3839 494 3876 vero
519 3824 639 3878 maxime
663 3824 751 3878 miror
770 3825 880 3879 Vallem
898 3825 972 3881 hunc
1000 3825 1092 3878 locum
1114 3841 1228 3892 prorsus
1253 3825 1336 3880 aliter

190 3909 343 3978 explicere3
364 3908 481 3963 adnotat
499 3910 572 3964 enim
591 3910 671 3966 haec:
692 3909 863 3980 ‘pecualiter
882 3911 957 3965 dicit
973 3910 1020 3980 (cf.
1034 3910 1119 3966 schol.
1131 3911 1203 3966 Pith.
1219 3912 1254 3966 ed
1265 3913 1292 3966 h.
1306 3913 1335 3974 l.)

186 3995 219 4050 de
242 4011 408 4064 quocumque
430 4001 462 4051 ut
481 3997 544 4066 (leg.
563 3998 634 4065 aeti)
656 3999 702 4051 sui
726 3998 850 4066 torporis
869 3993 985 4066 otiquo'.
1021 3998 1141 4053 Videtur
1160 4001 1248 4069 igitur
1265 4001 1335 4054 illud

188 4083 330 4138 Oslderini
353 4085 634 4154 interpretamentum
661 4087 690 4140 in
709 4086 806 4140 Veliae
829 4087 924 4141 codice
944 4103 1000 4140 non
1019 4088 1159 4142 exstitisse
1177 4088 1222 4156 (cf.
1241 4093 1334 4142 temen

186 4171 284 4228 Valles
303 4172 397 4226 adnot.
415 4173 452 4226 sd
471 4172 544 4228 168:
566 4213 572 4226 .
592 4215 598 4228 .
621 4214 626 4227 .
645 4173 714 4228 Sunt
733 4174 779 4242 qui
798 4174 867 4228 bano
885 4174 1078 4244 damasippum
1103 4175 1152 4244 qui
1174 4177 1335 4244 orpbonium

186 4259 338 4328 timitiunm
360 4261 467 4330 aelint);
496 4262 569 4316 unde
593 4261 714 4317 conicias
738 4263 822 4318 etiem
841 4263 961 4317 alterum
980 4263 1103 4318 codicem
1122 4267 1181 4316 turn
1203 4264 1233 4316 in
1251 4263 1333 4317 Italis

187 4347 281 4413 fuisse,
300 4348 329 4402 in
348 4366 403 4417 quo
422 4349 528 4404 scholis
546 4350 726 4404 Iuvenaliona
744 4351 836 4406 nescio
856 4351 933 4406 ouius
952 4352 1036 4419 pretii
1055 4350 1141 4404 Probi
1159 4349 1270 4403 nomine
1290 4368 1332 4404 or·

185 4438 253 4488 nats
277 4439 427 4492 exstarent.
466 4438 593 4493 Ceterum
617 4438 654 4494 cf.
674 4455 745 4507 quse
762 4438 797 4492 de
813 4439 898 4494 Probi
922 4439 1035 4494 nomine
1053 4438 1128 4494 infre
1145 4455 1172 4505 p.
1187 4437 1221 4490 73
1239 4437 1332 4510 dispu-

188 4526 249 4576 tate
268 4527 341 4577 sunt.
