3234 5038
716 1319 887 1399 virt.

325 1560 421 1618 Natus
449 1579 515 1619 sum
544 1557 775 1635 christophorus
798 1560 947 1621 Heuricus
973 1561 1104 1639 Stephon
1128 1561 1269 1623 Coloniae
1296 1585 1372 1625 anno

224 1660 253 1719 h.
279 1667 302 1719 s.
325 1660 413 1719 LVII
436 1680 463 1718 a.
486 1660 514 1718 d.
537 1659 574 1719 V.
608 1659 653 1718 Id.
683 1660 772 1719 Mart..
806 1667 891 1736 patre
915 1662 1045 1721 Henrico
1075 1668 1171 1720 matre
1200 1661 1330 1723 Cordule
1356 1684 1372 1724 e

223 1767 312 1838 gente
336 1759 437 1837 (lump,
461 1780 536 1837 quos
558 1761 644 1818 ambo
667 1760 822 1820 defunctos
843 1780 909 1820 esse
930 1761 1122 1821 vehementer
1144 1763 1241 1822 doleo.
1269 1763 1372 1822 Fidem

223 1862 365 1938 profiteor
393 1862 579 1921 catholicam.
628 1860 811 1920 Litterarum
839 1862 993 1921 elementis
1016 1863 1147 1921 imbutus
1174 1865 1283 1922 missus
1306 1883 1371 1922 sum

223 1961 262 2020 ad
285 1962 401 2037 patriae
426 1963 615 2037 gymnasium
645 1961 683 2020 ad
706 1960 753 2021 Ss.
777 1963 954 2039 Apostolos,
985 1964 1037 2022 ubi
1064 1983 1118 2040 per
1143 1983 1252 2024 novem
1279 1985 1372 2024 anuos

223 2062 402 2137 optimorum
427 2067 653 2137 praeceptorum
683 2063 805 2138 egregia
826 2081 899 2120 usus
921 2082 986 2121 sum
1008 2063 1179 2140 disciplina:
1213 2083 1288 2140 quos
1311 2084 1371 2122 om·

222 2181 276 2220 nes
306 2163 458 2220 nominare
480 2162 603 2238 longum
635 2169 690 2235 est,
724 2163 858 2238 singulos
889 2181 947 2220 non
978 2164 1069 2239 pium.
1119 2162 1272 2223 Autumno
1303 2165 1372 2223 anni

223 2257 358 2320 LXXVI
380 2263 561 2320 maturitatis
583 2262 754 2320 testimonio
778 2263 942 2322 instructus
964 2264 1074 2322 almam
1094 2263 1249 2322 Musarum
1272 2263 1372 2322 sedem

223 2360 411 2419 Bonnenscm
438 2360 498 2418 adii
520 2362 622 2438 ibique
650 2381 705 2438 per
732 2369 799 2421 octo
834 2364 1011 2422 semenstris
1030 2364 1108 2422 inter
1133 2365 1215 2423 cives
1241 2365 1287 2422 fui
1309 2385 1373 2424 aca-

223 2460 363 2518 demicos.
406 2461 580 2520 Docucrunt
601 2481 648 2520 me
675 2463 736 2521 viri
756 2462 915 2520 clarissimi
936 2463 1072 2540 Bernays
1092 2463 1258 2523 Buecheler
1279 2464 1372 2524 Klein

222 2559 473 2619 Maurenbrecher
494 2561 614 2620 Menzel
636 2560 743 2637 Meyer
758 2562 786 2620 N
789 2561 953 2620 euhaeuser
971 2561 1113 2622 Schaafer
1135 2564 1262 2623 Usener.
1296 2564 1371 2623 Bne·

224 2660 338 2719 oheleri
361 2665 390 2718 et
404 2661 535 2720 Useneri
548 2662 758 2722 benevolentia
773 2663 885 2720 factum
901 2668 956 2738 est,
978 2668 1012 2720 ut
1026 2683 1098 2723 vere
1123 2663 1192 2722 enni
1203 2663 1372 2725 LXXVIH

223 2763 255 2820 in
268 2763 460 2820 seminarium
476 2756 693 2839 philologicum
710 2765 826 2838 regium
840 2764 998 2840 reciperer,
1020 2765 1103 2850 cuius
1119 2781 1172 2840 per
1187 2763 1262 2822 duos
1277 2783 1370 2822 annos

223 2862 335 2922 sodalis
358 2863 401 2920 fui
424 2863 602 2922 ordinarius.
645 2863 807 2922 Praeterea
828 2863 994 2922 Buecheler
1016 2863 1279 2922 exercitationibus
1307 2864 1369 2922 suis

223 2963 435 3039 epigraphieis‚
459 2962 601 3023 Sohaefer
623 2969 653 3024 et
666 2965 785 3023 Menzel
800 2965 958 3022 seminario
978 2963 1121 3024 historico
1144 2968 1178 3022 ut
1193 2965 1370 3023 interessem

222 3063 351 3138 benigne
374 3071 593 3124 concesserunt.
638 3062 754 3131 Quibus
776 3064 851 3124 viris
874 3065 1010 3124 omnibus
1030 3065 1145 3140 gratias
1160 3083 1217 3140 ago
1237 3063 1370 3136 debitas3

222 3164 383 3240 praecipue
411 3182 484 3223 vero
514 3163 731 3223 Buechelerum
763 3162 955 3223 Schaeferum
977 3164 1155 3241 Usenerum,
1188 3164 1240 3241 qui
1273 3163 1371 3222 studia

221 3282 287 3322 mea
303 3264 449 3339 singulari
465 3266 602 3323 comitate
625 3262 804 3324 adiuverunt
823 3270 853 3322 et
870 3264 1018 3338 aluerunt,
1041 3265 1230 3340 pientissima
1251 3281 1369 3340 semper

222 3364 318 3423 oolam
333 3367 485 3425 memoria.
