<?xml version="1.0" encoding="UTF-8"?>
<!DOCTYPE html PUBLIC "-//W3C//DTD XHTML 1.0 Transitional//EN"
    "http://www.w3.org/TR/xhtml1/DTD/xhtml1-transitional.dtd">
<html xmlns="http://www.w3.org/1999/xhtml" xml:lang="en" lang="en">
 <head>
  <title>
</title>
<meta http-equiv="Content-Type" content="text/html;charset=utf-8" />
  <meta name='ocr-system' content='tesseract 3.04.00' />
  <meta name='ocr-capabilities' content='ocr_page ocr_carea ocr_par ocr_line ocrx_word'/>
</head>
<body>
  <div class='ocr_page' id='page_1' title='image "./depithoeanisini00stepgoog_0038.png"; bbox 0 0 3234 5038; ppageno 0'>
   <div class='ocr_carea' id='block_1_1' title="bbox 752 322 786 374">
    <p class='ocr_par' dir='ltr' id='par_1_1' title="bbox 752 322 786 374">
     <span class='ocr_line' id='line_1_1' title="bbox 752 322 786 374; baseline 0 0"><span class='ocrx_word' id='word_1_1' title='bbox 752 322 786 374; x_wconf 83' lang='lat'><strong>29</strong></span> 
     </span>
    </p>
   </div>
   <div class='ocr_carea' id='block_1_2' title="bbox 192 493 1344 4191">
    <p class='ocr_par' dir='ltr' id='par_1_2' title="bbox 193 493 1344 2986">
     <span class='ocr_line' id='line_1_2' title="bbox 195 493 1342 573; baseline 0 -17"><span class='ocrx_word' id='word_1_2' title='bbox 195 498 277 556; x_wconf 89' lang='lat' dir='ltr'><strong>Pers.</strong></span> <span class='ocrx_word' id='word_1_3' title='bbox 300 516 328 573; x_wconf 90' lang='lat' dir='ltr'><strong>p.</strong></span> <span class='ocrx_word' id='word_1_4' title='bbox 352 493 447 556; x_wconf 82' lang='lat' dir='ltr'>CLIV</span> <span class='ocrx_word' id='word_1_5' title='bbox 480 516 511 556; x_wconf 91' lang='lat' dir='ltr'><strong>se</strong></span> <span class='ocrx_word' id='word_1_6' title='bbox 533 496 581 556; x_wconf 90' lang='lat' dir='ltr'><strong>his</strong></span> <span class='ocrx_word' id='word_1_7' title='bbox 603 497 677 555; x_wconf 89' lang='lat' dir='ltr'><strong>locis</strong></span> <span class='ocrx_word' id='word_1_8' title='bbox 710 516 787 555; x_wconf 92' lang='lat' dir='ltr'><strong>nunc</strong></span> <span class='ocrx_word' id='word_1_9' title='bbox 809 514 868 554; x_wconf 93' lang='lat' dir='ltr'><strong>non</strong></span> <span class='ocrx_word' id='word_1_10' title='bbox 901 496 946 554; x_wconf 87' lang='lat' dir='ltr'><strong>uti</strong></span> <span class='ocrx_word' id='word_1_11' title='bbox 974 493 1045 553; x_wconf 90' lang='lat' dir='ltr'><strong>dicit</strong></span> <span class='ocrx_word' id='word_1_12' title='bbox 1072 500 1161 572; x_wconf 88' lang='lat' dir='ltr'><strong>atque</strong></span> <span class='ocrx_word' id='word_1_13' title='bbox 1183 495 1214 552; x_wconf 90' lang='lat' dir='ltr'><strong>in</strong></span> <span class='ocrx_word' id='word_1_14' title='bbox 1242 494 1342 556; x_wconf 80' lang='lat' dir='ltr'><strong>adnot.</strong></span> 
     </span>
     <span class='ocr_line' id='line_1_3' title="bbox 197 594 1343 671; baseline -0.002 -15"><span class='ocrx_word' id='word_1_15' title='bbox 197 599 263 658; x_wconf 90' lang='lat' dir='ltr'><strong>crit.</strong></span> <span class='ocrx_word' id='word_1_16' title='bbox 284 597 354 657; x_wconf 88' lang='lat' dir='ltr'><strong>edit.</strong></span> <span class='ocrx_word' id='word_1_17' title='bbox 379 596 484 656; x_wconf 91' lang='lat' dir='ltr'><strong>schcll.</strong></span> <span class='ocrx_word' id='word_1_18' title='bbox 508 597 606 656; x_wconf 91' lang='lat' dir='ltr'><strong>Bercl.</strong></span> <span class='ocrx_word' id='word_1_19' title='bbox 630 615 655 656; x_wconf 92' lang='lat' dir='ltr'><strong>a.</strong></span> <span class='ocrx_word' id='word_1_20' title='bbox 673 597 752 655; x_wconf 88' lang='lat'>1851</span> <span class='ocrx_word' id='word_1_21' title='bbox 776 597 887 656; x_wconf 89' lang='lat' dir='ltr'><strong>multos</strong></span> <span class='ocrx_word' id='word_1_22' title='bbox 910 615 1011 655; x_wconf 86' lang='lat' dir='ltr'><strong>eornm</strong></span> <span class='ocrx_word' id='word_1_23' title='bbox 1034 595 1143 654; x_wconf 85' lang='lat' dir='ltr'><strong>attulit</strong></span> <span class='ocrx_word' id='word_1_24' title='bbox 1179 594 1266 654; x_wconf 90' lang='lat' dir='ltr'><strong>Unde</strong></span> <span class='ocrx_word' id='word_1_25' title='bbox 1288 596 1343 671; x_wconf 83' lang='lat' dir='ltr'><strong>igi·</strong></span> 
     </span>
     <span class='ocr_line' id='line_1_4' title="bbox 194 695 1344 776; baseline -0.002 -20"><span class='ocrx_word' id='word_1_26' title='bbox 194 704 245 756; x_wconf 90' lang='lat' dir='ltr'><strong>tur</strong></span> <span class='ocrx_word' id='word_1_27' title='bbox 266 699 339 758; x_wconf 88' lang='lat' dir='ltr'><strong>talia</strong></span> <span class='ocrx_word' id='word_1_28' title='bbox 353 699 618 776; x_wconf 86' lang='lat' dir='ltr'><strong>interpretamenta</strong></span> <span class='ocrx_word' id='word_1_29' title='bbox 641 697 768 756; x_wconf 92' lang='lat' dir='ltr'><strong>eProbo</strong></span> <span class='ocrx_word' id='word_1_30' title='bbox 790 702 909 774; x_wconf 89' lang='lat' dir='ltr'><strong>sumpta</strong></span> <span class='ocrx_word' id='word_1_31' title='bbox 931 715 997 755; x_wconf 90' lang='grc'><strong>6666</strong></span> <span class='ocrx_word' id='word_1_32' title='bbox 1018 696 1238 773; x_wconf 88' lang='lat' dir='ltr'><strong>deprehendere</strong></span> <span class='ocrx_word' id='word_1_33' title='bbox 1253 695 1344 757; x_wconf 78' lang='lat' dir='ltr'><strong>licet?</strong></span> 
     </span>
     <span class='ocr_line' id='line_1_5' title="bbox 195 791 1342 876; baseline 0.001 -20"><span class='ocrx_word' id='word_1_34' title='bbox 195 798 269 858; x_wconf 92' lang='lat' dir='ltr'><strong>Inde</strong></span> <span class='ocrx_word' id='word_1_35' title='bbox 295 800 442 874; x_wconf 90' lang='lat' dir='ltr'><strong>nimirum,</strong></span> <span class='ocrx_word' id='word_1_36' title='bbox 479 799 557 876; x_wconf 91' lang='lat' dir='ltr'><strong>quod</strong></span> <span class='ocrx_word' id='word_1_37' title='bbox 585 799 653 874; x_wconf 92' lang='lat' dir='ltr'><strong>plus</strong></span> <span class='ocrx_word' id='word_1_38' title='bbox 684 799 781 856; x_wconf 90' lang='lat' dir='ltr'><strong>minus</strong></span> <span class='ocrx_word' id='word_1_39' title='bbox 812 791 1000 873; x_wconf 88' lang='lat' dir='ltr'><strong>(saepissima</strong></span> <span class='ocrx_word' id='word_1_40' title='bbox 1029 798 1106 856; x_wconf 90' lang='lat' dir='ltr'><strong>enim</strong></span> <span class='ocrx_word' id='word_1_41' title='bbox 1140 797 1176 856; x_wconf 85' lang='lat' dir='ltr'><strong>ad</strong></span> <span class='ocrx_word' id='word_1_42' title='bbox 1204 794 1342 873; x_wconf 88' lang='lat' dir='ltr'><strong>verbum)</strong></span> 
     </span>
     <span class='ocr_line' id='line_1_6' title="bbox 196 897 1342 976; baseline -0.002 -18"><span class='ocrx_word' id='word_1_43' title='bbox 196 901 376 960; x_wconf 86' lang='lat' dir='ltr'><strong>conveniunt</strong></span> <span class='ocrx_word' id='word_1_44' title='bbox 397 904 448 959; x_wconf 88' lang='lat' dir='ltr'><strong>ant</strong></span> <span class='ocrx_word' id='word_1_45' title='bbox 470 919 535 958; x_wconf 91' lang='lat' dir='ltr'><strong>cnm</strong></span> <span class='ocrx_word' id='word_1_46' title='bbox 559 898 682 958; x_wconf 81' lang='lat' dir='ltr'><strong>scholiis</strong></span> <span class='ocrx_word' id='word_1_47' title='bbox 706 897 875 957; x_wconf 87' lang='lat' dir='ltr'><strong>Pithoeanis</strong></span> <span class='ocrx_word' id='word_1_48' title='bbox 904 903 955 957; x_wconf 84' lang='lat' dir='ltr'><strong>aut</strong></span> <span class='ocrx_word' id='word_1_49' title='bbox 983 917 1049 956; x_wconf 91' lang='lat' dir='ltr'><strong>cnm</strong></span> <span class='ocrx_word' id='word_1_50' title='bbox 1070 899 1342 976; x_wconf 75' lang='lat' dir='ltr'>interpretamentis</span> 
     </span>
     <span class='ocr_line' id='line_1_7' title="bbox 195 997 1341 1078; baseline 0 -20"><span class='ocrx_word' id='word_1_51' title='bbox 195 1000 319 1058; x_wconf 89' lang='lat' dir='ltr'><strong>aliorum</strong></span> <span class='ocrx_word' id='word_1_52' title='bbox 344 998 528 1078; x_wconf 88' lang='lat' dir='ltr'><strong>quorundam</strong></span> <span class='ocrx_word' id='word_1_53' title='bbox 551 999 706 1058; x_wconf 86' lang='lat' dir='ltr'><strong>deterioris</strong></span> <span class='ocrx_word' id='word_1_54' title='bbox 729 998 848 1074; x_wconf 82' lang='lat' dir='ltr'><strong>generis</strong></span> <span class='ocrx_word' id='word_1_55' title='bbox 872 997 1015 1071; x_wconf 87' lang='lat' dir='ltr'><strong>codicum,</strong></span> <span class='ocrx_word' id='word_1_56' title='bbox 1050 999 1196 1076; x_wconf 83' lang='lat' dir='ltr'><strong>imprimis</strong></span> <span class='ocrx_word' id='word_1_57' title='bbox 1218 999 1341 1058; x_wconf 88' lang='lat' dir='ltr'><strong>Leiden-</strong></span> 
     </span>
     <span class='ocr_line' id='line_1_8' title="bbox 196 1097 1341 1176; baseline 0 -18"><span class='ocrx_word' id='word_1_58' title='bbox 196 1101 272 1159; x_wconf 89' lang='lat' dir='ltr'><strong>sium</strong></span> <span class='ocrx_word' id='word_1_59' title='bbox 294 1101 384 1161; x_wconf 87' lang='lat' dir='ltr'><strong>Voss.</strong></span> <span class='ocrx_word' id='word_1_60' title='bbox 411 1119 456 1157; x_wconf 90' lang='lat' dir='ltr'><strong>ur.</strong></span> <span class='ocrx_word' id='word_1_61' title='bbox 485 1097 524 1156; x_wconf 88' lang='lat'><strong>18</strong></span> <span class='ocrx_word' id='word_1_62' title='bbox 548 1105 578 1158; x_wconf 89' lang='grc'><strong>61</strong></span> <span class='ocrx_word' id='word_1_63' title='bbox 607 1118 651 1158; x_wconf 88' lang='lat' dir='ltr'><strong>nr.</strong></span> <span class='ocrx_word' id='word_1_64' title='bbox 675 1101 715 1157; x_wconf 89' lang='grc'><strong>64</strong></span> <span class='ocrx_word' id='word_1_65' title='bbox 740 1099 815 1157; x_wconf 90' lang='lat' dir='ltr'><strong>bibl.</strong></span> <span class='ocrx_word' id='word_1_66' title='bbox 840 1098 922 1174; x_wconf 92' lang='lat' dir='ltr'><strong>publ.</strong></span> <span class='ocrx_word' id='word_1_67' title='bbox 950 1118 993 1157; x_wconf 91' lang='lat' dir='ltr'><strong>nr.</strong></span> <span class='ocrx_word' id='word_1_68' title='bbox 1022 1100 1072 1172; x_wconf 77' lang='lat'><strong>82,</strong></span> <span class='ocrx_word' id='word_1_69' title='bbox 1106 1099 1143 1156; x_wconf 89' lang='lat' dir='ltr'><strong>de</strong></span> <span class='ocrx_word' id='word_1_70' title='bbox 1173 1100 1280 1176; x_wconf 88' lang='lat' dir='ltr'><strong>quibus</strong></span> <span class='ocrx_word' id='word_1_71' title='bbox 1303 1101 1341 1159; x_wconf 84' lang='lat' dir='ltr'><strong>cf.</strong></span> 
     </span>
     <span class='ocr_line' id='line_1_9' title="bbox 196 1199 1342 1279; baseline 0.001 -20"><span class='ocrx_word' id='word_1_72' title='bbox 196 1203 376 1279; x_wconf 71' lang='lat' dir='ltr'><strong>euprepii</strong></span> <span class='ocrx_word' id='word_1_73' title='bbox 399 1222 427 1259; x_wconf 90' lang='lat' dir='ltr'><strong>n.</strong></span> <span class='ocrx_word' id='word_1_74' title='bbox 453 1203 479 1273; x_wconf 87' lang='lat'><strong>1,</strong></span> <span class='ocrx_word' id='word_1_75' title='bbox 503 1205 593 1277; x_wconf 85' lang='lat' dir='ltr'><strong>atque</strong></span> <span class='ocrx_word' id='word_1_76' title='bbox 616 1199 745 1260; x_wconf 86' lang='lat' dir='ltr'><strong>Parisiui</strong></span> <span class='ocrx_word' id='word_1_77' title='bbox 765 1199 818 1258; x_wconf 89' lang='grc'><strong>161.</strong></span> <span class='ocrx_word' id='word_1_78' title='bbox 839 1219 883 1258; x_wconf 92' lang='lat' dir='ltr'><strong>nr.</strong></span> <span class='ocrx_word' id='word_1_79' title='bbox 908 1201 998 1276; x_wconf 85' lang='grc'>7730,</span> <span class='ocrx_word' id='word_1_80' title='bbox 1021 1218 1037 1257; x_wconf 92' lang='grc'><strong>6</strong></span> <span class='ocrx_word' id='word_1_81' title='bbox 1061 1219 1118 1276; x_wconf 89' lang='lat' dir='ltr'><strong>quo</strong></span> <span class='ocrx_word' id='word_1_82' title='bbox 1141 1200 1259 1258; x_wconf 89' lang='lat' dir='ltr'><strong>Keilius</strong></span> <span class='ocrx_word' id='word_1_83' title='bbox 1283 1201 1342 1260; x_wconf 92' lang='lat' dir='ltr'><strong>edi·</strong></span> 
     </span>
     <span class='ocr_line' id='line_1_10' title="bbox 196 1284 1340 1377; baseline 0.001 -18"><span class='ocrx_word' id='word_1_84' title='bbox 196 1301 241 1360; x_wconf 90' lang='lat' dir='ltr'><strong>dit</strong></span> <span class='ocrx_word' id='word_1_85' title='bbox 258 1290 387 1377; x_wconf 80' lang='lat' dir='ltr'>‘glossas</span> <span class='ocrx_word' id='word_1_86' title='bbox 406 1301 436 1358; x_wconf 92' lang='lat' dir='ltr'><strong>in</strong></span> <span class='ocrx_word' id='word_1_87' title='bbox 451 1284 636 1361; x_wconf 79' lang='lat' dir='ltr'><strong>Iuvenalem&#39;</strong></span> <span class='ocrx_word' id='word_1_88' title='bbox 657 1300 688 1358; x_wconf 90' lang='lat' dir='ltr'><strong>in</strong></span> <span class='ocrx_word' id='word_1_89' title='bbox 710 1299 806 1358; x_wconf 90' lang='lat' dir='ltr'><strong>indice</strong></span> <span class='ocrx_word' id='word_1_90' title='bbox 829 1299 933 1358; x_wconf 90' lang='lat' dir='ltr'><strong>scholl.</strong></span> <span class='ocrx_word' id='word_1_91' title='bbox 959 1301 990 1357; x_wconf 92' lang='lat' dir='ltr'><strong>in</strong></span> <span class='ocrx_word' id='word_1_92' title='bbox 1012 1319 1059 1358; x_wconf 92' lang='lat' dir='ltr'><strong>un.</strong></span> <span class='ocrx_word' id='word_1_93' title='bbox 1075 1299 1202 1358; x_wconf 89' lang='lat' dir='ltr'><strong>Halcnsi</strong></span> <span class='ocrx_word' id='word_1_94' title='bbox 1223 1322 1251 1377; x_wconf 91' lang='lat' dir='ltr'><strong>p.</strong></span> <span class='ocrx_word' id='word_1_95' title='bbox 1268 1308 1340 1360; x_wconf 86' lang='lat' dir='ltr'><strong>uest.</strong></span> 
     </span>
     <span class='ocr_line' id='line_1_11' title="bbox 195 1399 1341 1478; baseline 0.001 -18"><span class='ocrx_word' id='word_1_96' title='bbox 195 1421 221 1460; x_wconf 88' lang='lat' dir='ltr'><strong>a.</strong></span> <span class='ocrx_word' id='word_1_97' title='bbox 247 1403 326 1460; x_wconf 87' lang='grc'><strong>1876</strong></span> <span class='ocrx_word' id='word_1_98' title='bbox 349 1400 438 1460; x_wconf 85' lang='lat' dir='ltr'><strong>habb.</strong></span> <span class='ocrx_word' id='word_1_99' title='bbox 472 1401 550 1460; x_wconf 86' lang='lat' dir='ltr'><strong>Nam</strong></span> <span class='ocrx_word' id='word_1_100' title='bbox 580 1400 653 1460; x_wconf 87' lang='lat' dir='ltr'><strong>haec</strong></span> <span class='ocrx_word' id='word_1_101' title='bbox 687 1419 804 1478; x_wconf 88' lang='lat' dir='ltr'><strong>quoqne</strong></span> <span class='ocrx_word' id='word_1_102' title='bbox 838 1399 952 1460; x_wconf 88' lang='lat' dir='ltr'><strong>scholia</strong></span> <span class='ocrx_word' id='word_1_103' title='bbox 973 1399 1094 1458; x_wconf 86' lang='lat' dir='ltr'><strong>Vallam</strong></span> <span class='ocrx_word' id='word_1_104' title='bbox 1123 1419 1138 1459; x_wconf 92' lang='grc'><strong>6</strong></span> <span class='ocrx_word' id='word_1_105' title='bbox 1164 1401 1260 1460; x_wconf 88' lang='lat' dir='ltr'><strong>Probo</strong></span> <span class='ocrx_word' id='word_1_106' title='bbox 1289 1422 1341 1461; x_wconf 91' lang='lat' dir='ltr'><strong>suo</strong></span> 
     </span>
     <span class='ocr_line' id='line_1_12' title="bbox 195 1500 1341 1580; baseline 0.002 -19"><span class='ocrx_word' id='word_1_107' title='bbox 195 1503 415 1580; x_wconf 79' lang='lat' dir='ltr'><strong>deprompsisse</strong></span> <span class='ocrx_word' id='word_1_108' title='bbox 437 1521 471 1562; x_wconf 90' lang='grc'><strong>66</strong></span> <span class='ocrx_word' id='word_1_109' title='bbox 495 1503 651 1576; x_wconf 78' lang='lat' dir='ltr'><strong>evincitur,</strong></span> <span class='ocrx_word' id='word_1_110' title='bbox 675 1501 753 1578; x_wconf 92' lang='lat' dir='ltr'><strong>quod</strong></span> <span class='ocrx_word' id='word_1_111' title='bbox 776 1501 923 1560; x_wconf 90' lang='lat' dir='ltr'><strong>interdum</strong></span> <span class='ocrx_word' id='word_1_112' title='bbox 945 1500 1019 1558; x_wconf 87' lang='lat' dir='ltr'><strong>talia</strong></span> <span class='ocrx_word' id='word_1_113' title='bbox 1041 1500 1197 1578; x_wconf 89' lang='lat' dir='ltr'><strong>adipsum</strong></span> <span class='ocrx_word' id='word_1_114' title='bbox 1212 1503 1341 1563; x_wconf 87' lang='lat' dir='ltr'><strong>nomina·</strong></span> 
     </span>
     <span class='ocr_line' id='line_1_13' title="bbox 194 1601 1340 1681; baseline 0.002 -19"><span class='ocrx_word' id='word_1_115' title='bbox 194 1606 248 1663; x_wconf 90' lang='lat' dir='ltr'><strong>tim</strong></span> <span class='ocrx_word' id='word_1_116' title='bbox 270 1605 362 1664; x_wconf 81' lang='lat' dir='ltr'><strong>refert</strong></span> <span class='ocrx_word' id='word_1_117' title='bbox 393 1623 490 1681; x_wconf 88' lang='lat' dir='ltr'><strong>neque</strong></span> <span class='ocrx_word' id='word_1_118' title='bbox 513 1604 635 1662; x_wconf 88' lang='grc'><strong>6661116</strong></span> <span class='ocrx_word' id='word_1_119' title='bbox 664 1602 894 1661; x_wconf 86' lang='grc'><strong>16116111666616</strong></span> <span class='ocrx_word' id='word_1_120' title='bbox 923 1621 989 1660; x_wconf 87' lang='lat' dir='ltr'><strong>esse</strong></span> <span class='ocrx_word' id='word_1_121' title='bbox 1011 1601 1074 1662; x_wconf 92' lang='lat' dir='ltr'><strong>ullo</strong></span> <span class='ocrx_word' id='word_1_122' title='bbox 1106 1603 1198 1662; x_wconf 88' lang='lat' dir='ltr'><strong>verbo</strong></span> <span class='ocrx_word' id='word_1_123' title='bbox 1220 1603 1340 1664; x_wconf 88' lang='lat' dir='ltr'><strong>indicat.</strong></span> 
     </span>
     <span class='ocr_line' id='line_1_14' title="bbox 194 1703 1341 1781; baseline -0.003 -15"><span class='ocrx_word' id='word_1_124' title='bbox 194 1705 346 1777; x_wconf 78' lang='lat' dir='ltr'><strong>Quomodo</strong></span> <span class='ocrx_word' id='word_1_125' title='bbox 378 1725 450 1766; x_wconf 87' lang='lat' dir='ltr'><strong>vero</strong></span> <span class='ocrx_word' id='word_1_126' title='bbox 485 1704 661 1781; x_wconf 88' lang='lat' dir='ltr'><strong>explicanda</strong></span> <span class='ocrx_word' id='word_1_127' title='bbox 693 1704 733 1761; x_wconf 89' lang='lat' dir='ltr'><strong>sit</strong></span> <span class='ocrx_word' id='word_1_128' title='bbox 762 1705 837 1761; x_wconf 85' lang='grc'><strong>111116</strong></span> <span class='ocrx_word' id='word_1_129' title='bbox 862 1703 936 1762; x_wconf 86' lang='lat' dir='ltr'><strong>haec</strong></span> <span class='ocrx_word' id='word_1_130' title='bbox 969 1723 1026 1777; x_wconf 90' lang='lat' dir='ltr'><strong>res,</strong></span> <span class='ocrx_word' id='word_1_131' title='bbox 1060 1704 1138 1762; x_wconf 84' lang='lat' dir='ltr'><strong>infra</strong></span> <span class='ocrx_word' id='word_1_132' title='bbox 1164 1704 1341 1764; x_wconf 89' lang='lat' dir='ltr'><strong>videbimus.</strong></span> 
     </span>
     <span class='ocr_line' id='line_1_15' title="bbox 193 1805 1341 1877; baseline -0.001 -13"><span class='ocrx_word' id='word_1_133' title='bbox 193 1805 269 1877; x_wconf 80' lang='lat' dir='ltr'><strong>Quid</strong></span> <span class='ocrx_word' id='word_1_134' title='bbox 292 1811 390 1866; x_wconf 89' lang='lat' dir='ltr'><strong>autem</strong></span> <span class='ocrx_word' id='word_1_135' title='bbox 423 1807 450 1864; x_wconf 89' lang='lat' dir='ltr'><strong>si</strong></span> <span class='ocrx_word' id='word_1_136' title='bbox 469 1805 560 1866; x_wconf 85' lang='lat' dir='ltr'><strong>Valla</strong></span> <span class='ocrx_word' id='word_1_137' title='bbox 582 1805 681 1864; x_wconf 88' lang='lat' dir='ltr'><strong>Probo</strong></span> <span class='ocrx_word' id='word_1_138' title='bbox 704 1825 762 1864; x_wconf 88' lang='lat' dir='ltr'><strong>non</strong></span> <span class='ocrx_word' id='word_1_139' title='bbox 795 1806 943 1864; x_wconf 90' lang='lat' dir='ltr'><strong>nominato</strong></span> <span class='ocrx_word' id='word_1_140' title='bbox 977 1806 1013 1864; x_wconf 91' lang='lat' dir='ltr'><strong>ab</strong></span> <span class='ocrx_word' id='word_1_141' title='bbox 1044 1805 1100 1864; x_wconf 90' lang='lat' dir='ltr'><strong>hoc</strong></span> <span class='ocrx_word' id='word_1_142' title='bbox 1134 1824 1169 1863; x_wconf 88' lang='lat' dir='ltr'><strong>ea</strong></span> <span class='ocrx_word' id='word_1_143' title='bbox 1189 1812 1341 1865; x_wconf 86' lang='lat' dir='ltr'><strong>mutuatus</strong></span> 
     </span>
     <span class='ocr_line' id='line_1_16' title="bbox 198 1904 1342 1984; baseline 0.002 -21"><span class='ocrx_word' id='word_1_144' title='bbox 198 1912 253 1980; x_wconf 88' lang='grc'><strong>661,</strong></span> <span class='ocrx_word' id='word_1_145' title='bbox 289 1925 364 1983; x_wconf 88' lang='lat' dir='ltr'><strong>quae</strong></span> <span class='ocrx_word' id='word_1_146' title='bbox 386 1907 533 1983; x_wconf 86' lang='lat' dir='ltr'><strong>nequciu</strong></span> <span class='ocrx_word' id='word_1_147' title='bbox 555 1905 726 1965; x_wconf 88' lang='lat' dir='ltr'><strong>Pithoeanis</strong></span> <span class='ocrx_word' id='word_1_148' title='bbox 749 1904 870 1964; x_wconf 80' lang='lat' dir='ltr'><strong>scholiis</strong></span> <span class='ocrx_word' id='word_1_149' title='bbox 893 1907 1080 1982; x_wconf 88' lang='lat' dir='ltr'><strong>reperiantur</strong></span> <span class='ocrx_word' id='word_1_150' title='bbox 1109 1925 1205 1984; x_wconf 89' lang='lat' dir='ltr'><strong>neque</strong></span> <span class='ocrx_word' id='word_1_151' title='bbox 1227 1926 1342 1984; x_wconf 90' lang='lat' dir='ltr'><strong>compa·</strong></span> 
     </span>
     <span class='ocr_line' id='line_1_17' title="bbox 195 2005 1342 2083; baseline 0.002 -19"><span class='ocrx_word' id='word_1_152' title='bbox 195 2008 269 2066; x_wconf 87' lang='lat' dir='ltr'><strong>ratis</strong></span> <span class='ocrx_word' id='word_1_153' title='bbox 292 2006 359 2065; x_wconf 87' lang='lat' dir='ltr'><strong>aliis</strong></span> <span class='ocrx_word' id='word_1_154' title='bbox 382 2006 532 2067; x_wconf 84' lang='lat' dir='ltr'><strong>codicibus</strong></span> <span class='ocrx_word' id='word_1_155' title='bbox 556 2008 678 2082; x_wconf 79' lang='lat' dir='ltr'><strong>agnosci</strong></span> <span class='ocrx_word' id='word_1_156' title='bbox 699 2005 836 2083; x_wconf 79' lang='lat' dir='ltr'><strong>possint?</strong></span> <span class='ocrx_word' id='word_1_157' title='bbox 867 2007 915 2065; x_wconf 84' lang='lat' dir='ltr'><strong>Ex</strong></span> <span class='ocrx_word' id='word_1_158' title='bbox 936 2006 1107 2067; x_wconf 88' lang='lat' dir='ltr'><strong>huiusmodi</strong></span> <span class='ocrx_word' id='word_1_159' title='bbox 1129 2007 1262 2080; x_wconf 86' lang='lat' dir='ltr'><strong>scholiis,</strong></span> <span class='ocrx_word' id='word_1_160' title='bbox 1284 2009 1342 2066; x_wconf 90' lang='lat' dir='ltr'><strong>nisi</strong></span> 
     </span>
     <span class='ocr_line' id='line_1_18' title="bbox 195 2106 1342 2186; baseline -0.001 -20"><span class='ocrx_word' id='word_1_161' title='bbox 195 2107 354 2184; x_wconf 80' lang='lat' dir='ltr'><strong>coningere</strong></span> <span class='ocrx_word' id='word_1_162' title='bbox 376 2108 454 2167; x_wconf 84' lang='lat' dir='ltr'><strong>velis</strong></span> <span class='ocrx_word' id='word_1_163' title='bbox 477 2106 513 2165; x_wconf 90' lang='lat' dir='ltr'><strong>ad</strong></span> <span class='ocrx_word' id='word_1_164' title='bbox 543 2109 687 2167; x_wconf 87' lang='lat' dir='ltr'><strong>sermonis</strong></span> <span class='ocrx_word' id='word_1_165' title='bbox 710 2108 943 2184; x_wconf 82' lang='lat' dir='ltr'><strong>inquisitionem,</strong></span> <span class='ocrx_word' id='word_1_166' title='bbox 975 2127 1069 2183; x_wconf 84' lang='lat' dir='ltr'><strong>genus</strong></span> <span class='ocrx_word' id='word_1_167' title='bbox 1094 2108 1256 2185; x_wconf 87' lang='lat' dir='ltr'><strong>quaerendi</strong></span> <span class='ocrx_word' id='word_1_168' title='bbox 1277 2127 1342 2186; x_wconf 90' lang='lat' dir='ltr'><strong>per·</strong></span> 
     </span>
     <span class='ocr_line' id='line_1_19' title="bbox 194 2207 1342 2286; baseline 0 -20"><span class='ocrx_word' id='word_1_169' title='bbox 194 2227 284 2284; x_wconf 88' lang='lat' dir='ltr'><strong>quam</strong></span> <span class='ocrx_word' id='word_1_170' title='bbox 303 2207 424 2266; x_wconf 91' lang='lat' dir='ltr'><strong>dubium</strong></span> <span class='ocrx_word' id='word_1_171' title='bbox 447 2208 650 2286; x_wconf 91' lang='lat' dir='ltr'><strong>incertumque</strong></span> <span class='ocrx_word' id='word_1_172' title='bbox 673 2209 704 2266; x_wconf 92' lang='lat' dir='ltr'><strong>in</strong></span> <span class='ocrx_word' id='word_1_173' title='bbox 725 2208 780 2266; x_wconf 87' lang='lat' dir='ltr'><strong>tali</strong></span> <span class='ocrx_word' id='word_1_174' title='bbox 804 2210 956 2284; x_wconf 86' lang='lat' dir='ltr'><strong>scriptore,</strong></span> <span class='ocrx_word' id='word_1_175' title='bbox 988 2227 1022 2266; x_wconf 90' lang='grc'><strong>66</strong></span> <span class='ocrx_word' id='word_1_176' title='bbox 1042 2215 1159 2267; x_wconf 84' lang='lat' dir='ltr'><strong>tantum</strong></span> <span class='ocrx_word' id='word_1_177' title='bbox 1180 2207 1342 2283; x_wconf 89' lang='lat' dir='ltr'><strong>deprehen·</strong></span> 
     </span>
     <span class='ocr_line' id='line_1_20' title="bbox 195 2293 1342 2386; baseline 0.001 -21"><span class='ocrx_word' id='word_1_178' title='bbox 195 2307 265 2366; x_wconf 88' lang='lat' dir='ltr'><strong>dere</strong></span> <span class='ocrx_word' id='word_1_179' title='bbox 286 2307 358 2367; x_wconf 88' lang='lat' dir='ltr'><strong>licat</strong></span> <span class='ocrx_word' id='word_1_180' title='bbox 383 2337 418 2348; x_wconf 85' lang='lat'><strong>·-</strong></span> <span class='ocrx_word' id='word_1_181' title='bbox 443 2328 520 2385; x_wconf 88' lang='lat' dir='ltr'><strong>quse</strong></span> <span class='ocrx_word' id='word_1_182' title='bbox 544 2327 614 2367; x_wconf 87' lang='lat' dir='ltr'><strong>sane</strong></span> <span class='ocrx_word' id='word_1_183' title='bbox 634 2309 757 2366; x_wconf 86' lang='lat' dir='ltr'><strong>maximi</strong></span> <span class='ocrx_word' id='word_1_184' title='bbox 780 2313 850 2366; x_wconf 88' lang='lat' dir='ltr'><strong>sant</strong></span> <span class='ocrx_word' id='word_1_185' title='bbox 871 2309 959 2384; x_wconf 90' lang='lat' dir='ltr'><strong>pretii</strong></span> <span class='ocrx_word' id='word_1_186' title='bbox 983 2293 1020 2348; x_wconf 63' lang='grc' dir='ltr'><strong>ἷ-</strong></span> <span class='ocrx_word' id='word_1_187' title='bbox 1046 2310 1154 2386; x_wconf 90' lang='lat' dir='ltr'><strong>quibus</strong></span> <span class='ocrx_word' id='word_1_188' title='bbox 1176 2310 1248 2369; x_wconf 84' lang='lat' dir='ltr'><strong>novi</strong></span> <span class='ocrx_word' id='word_1_189' title='bbox 1270 2308 1342 2386; x_wconf 92' lang='lat' dir='ltr'><strong>quid</strong></span> 
     </span>
     <span class='ocr_line' id='line_1_21' title="bbox 195 2407 1341 2488; baseline 0.003 -22"><span class='ocrx_word' id='word_1_190' title='bbox 195 2407 330 2483; x_wconf 77' lang='lat' dir='ltr'><strong>traditur,</strong></span> <span class='ocrx_word' id='word_1_191' title='bbox 354 2408 432 2485; x_wconf 89' lang='lat' dir='ltr'><strong>quod</strong></span> <span class='ocrx_word' id='word_1_192' title='bbox 455 2408 574 2468; x_wconf 80' lang='lat' dir='ltr'><strong>aliunde</strong></span> <span class='ocrx_word' id='word_1_193' title='bbox 597 2408 715 2468; x_wconf 87' lang='lat' dir='ltr'><strong>haurire</strong></span> <span class='ocrx_word' id='word_1_194' title='bbox 730 2409 821 2469; x_wconf 87' lang='lat' dir='ltr'><strong>Valla</strong></span> <span class='ocrx_word' id='word_1_195' title='bbox 843 2410 926 2469; x_wconf 91' lang='grc'><strong>66116</strong></span> <span class='ocrx_word' id='word_1_196' title='bbox 949 2410 1035 2469; x_wconf 90' lang='lat' dir='ltr'><strong>modo</strong></span> <span class='ocrx_word' id='word_1_197' title='bbox 1057 2411 1187 2487; x_wconf 89' lang='lat' dir='ltr'><strong>potuerit</strong></span> <span class='ocrx_word' id='word_1_198' title='bbox 1203 2410 1341 2488; x_wconf 86' lang='lat' dir='ltr'><strong>quodque</strong></span> 
     </span>
     <span class='ocr_line' id='line_1_22' title="bbox 195 2508 1340 2572; baseline 0.004 -7"><span class='ocrx_word' id='word_1_199' title='bbox 195 2508 226 2566; x_wconf 93' lang='lat' dir='ltr'><strong>in</strong></span> <span class='ocrx_word' id='word_1_200' title='bbox 248 2527 279 2568; x_wconf 92' lang='lat' dir='ltr'><strong>se</strong></span> <span class='ocrx_word' id='word_1_201' title='bbox 301 2528 402 2568; x_wconf 90' lang='lat' dir='ltr'><strong>omnes</strong></span> <span class='ocrx_word' id='word_1_202' title='bbox 425 2516 459 2568; x_wconf 89' lang='lat' dir='ltr'><strong>nt</strong></span> <span class='ocrx_word' id='word_1_203' title='bbox 481 2511 523 2568; x_wconf 91' lang='lat' dir='ltr'><strong>ita</strong></span> <span class='ocrx_word' id='word_1_204' title='bbox 545 2510 640 2570; x_wconf 89' lang='lat' dir='ltr'><strong>dicam</strong></span> <span class='ocrx_word' id='word_1_205' title='bbox 663 2529 801 2570; x_wconf 88' lang='lat' dir='ltr'><strong>numeros</strong></span> <span class='ocrx_word' id='word_1_206' title='bbox 824 2511 961 2570; x_wconf 87' lang='lat' dir='ltr'><strong>veritatis</strong></span> <span class='ocrx_word' id='word_1_207' title='bbox 984 2510 1102 2570; x_wconf 87' lang='lat' dir='ltr'><strong>habeat.</strong></span> <span class='ocrx_word' id='word_1_208' title='bbox 1144 2511 1340 2572; x_wconf 85' lang='lat' dir='ltr'><strong>Luculentum</strong></span> 
     </span>
     <span class='ocr_line' id='line_1_23' title="bbox 194 2608 1339 2688; baseline 0.004 -21"><span class='ocrx_word' id='word_1_209' title='bbox 194 2608 282 2668; x_wconf 89' lang='lat' dir='ltr'><strong>huius</strong></span> <span class='ocrx_word' id='word_1_210' title='bbox 315 2611 434 2685; x_wconf 82' lang='lat' dir='ltr'><strong>generis</strong></span> <span class='ocrx_word' id='word_1_211' title='bbox 467 2611 635 2688; x_wconf 86' lang='lat' dir='ltr'><strong>exemplum</strong></span> <span class='ocrx_word' id='word_1_212' title='bbox 657 2609 790 2686; x_wconf 85' lang='lat' dir='ltr'><strong>protulit</strong></span> <span class='ocrx_word' id='word_1_213' title='bbox 819 2611 1021 2688; x_wconf 82' lang='lat' dir='ltr'><strong>tractavitque</strong></span> <span class='ocrx_word' id='word_1_214' title='bbox 1051 2611 1173 2672; x_wconf 91' lang='lat' dir='ltr'><strong>Iahnius</strong></span> <span class='ocrx_word' id='word_1_215' title='bbox 1207 2613 1237 2670; x_wconf 89' lang='lat' dir='ltr'><strong>in</strong></span> <span class='ocrx_word' id='word_1_216' title='bbox 1263 2633 1339 2672; x_wconf 90' lang='lat' dir='ltr'><strong>mus.</strong></span> 
     </span>
     <span class='ocr_line' id='line_1_24' title="bbox 194 2708 1340 2786; baseline 0.002 -18"><span class='ocrx_word' id='word_1_217' title='bbox 194 2708 290 2769; x_wconf 87' lang='lat' dir='ltr'><strong>Rhen.</strong></span> <span class='ocrx_word' id='word_1_218' title='bbox 313 2730 343 2769; x_wconf 84' lang='lat' dir='ltr'><strong>v.</strong></span> <span class='ocrx_word' id='word_1_219' title='bbox 367 2710 414 2768; x_wconf 89' lang='lat' dir='ltr'><strong>IX</strong></span> <span class='ocrx_word' id='word_1_220' title='bbox 435 2731 464 2786; x_wconf 87' lang='lat' dir='ltr'><strong>p.</strong></span> <span class='ocrx_word' id='word_1_221' title='bbox 481 2712 558 2782; x_wconf 76' lang='lat'><strong>6273</strong></span> <span class='ocrx_word' id='word_1_222' title='bbox 580 2710 617 2768; x_wconf 90' lang='lat' dir='ltr'><strong>ad</strong></span> <span class='ocrx_word' id='word_1_223' title='bbox 640 2711 684 2769; x_wconf 90' lang='lat' dir='ltr'><strong>IV</strong></span> <span class='ocrx_word' id='word_1_224' title='bbox 707 2711 785 2768; x_wconf 89' lang='lat' dir='ltr'><strong>enim</strong></span> <span class='ocrx_word' id='word_1_225' title='bbox 808 2716 862 2768; x_wconf 88' lang='grc'><strong>661.</strong></span> <span class='ocrx_word' id='word_1_226' title='bbox 885 2731 915 2770; x_wconf 84' lang='lat' dir='ltr'><strong>r.</strong></span> <span class='ocrx_word' id='word_1_227' title='bbox 932 2713 972 2770; x_wconf 88' lang='grc'><strong>94</strong></span> <span class='ocrx_word' id='word_1_228' title='bbox 995 2710 1086 2772; x_wconf 89' lang='lat' dir='ltr'><strong>Valla</strong></span> <span class='ocrx_word' id='word_1_229' title='bbox 1106 2712 1181 2772; x_wconf 91' lang='lat' dir='ltr'><strong>haec</strong></span> <span class='ocrx_word' id='word_1_230' title='bbox 1203 2713 1340 2772; x_wconf 89' lang='lat' dir='ltr'><strong>adnotat:</strong></span> 
     </span>
     <span class='ocr_line' id='line_1_25' title="bbox 194 2808 1342 2885; baseline 0.005 -19"><span class='ocrx_word' id='word_1_231' title='bbox 194 2808 311 2868; x_wconf 79' lang='lat' dir='ltr'><strong>Aciliae</strong></span> <span class='ocrx_word' id='word_1_232' title='bbox 330 2811 496 2883; x_wconf 74' lang='grc'><strong>6161616616</strong></span> <span class='ocrx_word' id='word_1_233' title='bbox 521 2809 603 2878; x_wconf 75' lang='lat' dir='ltr'><strong>filias</strong></span> <span class='ocrx_word' id='word_1_234' title='bbox 625 2811 725 2868; x_wconf 79' lang='grc'><strong>666661</strong></span> <span class='ocrx_word' id='word_1_235' title='bbox 753 2811 807 2868; x_wconf 82' lang='lat' dir='ltr'><strong>aab</strong></span> <span class='ocrx_word' id='word_1_236' title='bbox 830 2811 1000 2872; x_wconf 87' lang='lat' dir='ltr'><strong>Doraitiaao</strong></span> <span class='ocrx_word' id='word_1_237' title='bbox 1027 2813 1087 2884; x_wconf 80' lang='lat' dir='ltr'><strong>fait</strong></span> <span class='ocrx_word' id='word_1_238' title='bbox 1108 2813 1229 2885; x_wconf 77' lang='lat' dir='ltr'><strong>Papinii</strong></span> <span class='ocrx_word' id='word_1_239' title='bbox 1251 2812 1342 2872; x_wconf 81' lang='lat' dir='ltr'><strong>Statii</strong></span> 
     </span>
     <span class='ocr_line' id='line_1_26' title="bbox 196 2909 1230 2986; baseline 0.006 -19"><span class='ocrx_word' id='word_1_240' title='bbox 196 2909 326 2968; x_wconf 83' lang='grc'><strong>6616166</strong></span> <span class='ocrx_word' id='word_1_241' title='bbox 349 2912 385 2968; x_wconf 83' lang='lat' dir='ltr'><strong>de</strong></span> <span class='ocrx_word' id='word_1_242' title='bbox 407 2910 481 2969; x_wconf 81' lang='grc'><strong>16116</strong></span> <span class='ocrx_word' id='word_1_243' title='bbox 501 2911 668 2984; x_wconf 74' lang='lat' dir='ltr'><strong>permanire</strong></span> <span class='ocrx_word' id='word_1_244' title='bbox 690 2910 768 2983; x_wconf 80' lang='lat' dir='ltr'><strong>qaod</strong></span> <span class='ocrx_word' id='word_1_245' title='bbox 789 2912 979 2972; x_wconf 79' lang='lat' dir='ltr'><strong>Domitianas</strong></span> <span class='ocrx_word' id='word_1_246' title='bbox 1000 2915 1057 2986; x_wconf 74' lang='lat' dir='ltr'><strong>epit</strong></span> <span class='ocrx_word' id='word_1_247' title='bbox 1077 2914 1230 2985; x_wconf 78' lang='lat' dir='ltr'><strong>probatas.</strong></span> 
     </span>
    </p>

    <p class='ocr_par' dir='ltr' id='par_1_3' title="bbox 295 3009 982 3085">
     <span class='ocr_line' id='line_1_27' title="bbox 295 3009 982 3085; baseline 0.004 -18"><span class='ocrx_word' id='word_1_248' title='bbox 295 3009 428 3069; x_wconf 79' lang='lat' dir='ltr'><strong>Lamina</strong></span> <span class='ocrx_word' id='word_1_249' title='bbox 448 3011 678 3070; x_wconf 67' lang='lat' dir='ltr'><strong>acatorctraitis</strong></span> <span class='ocrx_word' id='word_1_250' title='bbox 696 3013 859 3084; x_wconf 76' lang='grc'><strong>6166166116</strong></span> <span class='ocrx_word' id='word_1_251' title='bbox 879 3013 982 3085; x_wconf 82' lang='lat' dir='ltr'><strong>crispi.</strong></span> 
     </span>
    </p>

    <p class='ocr_par' dir='ltr' id='par_1_4' title="bbox 294 3109 1113 3188">
     <span class='ocr_line' id='line_1_28' title="bbox 294 3109 1113 3188; baseline 0.006 -19"><span class='ocrx_word' id='word_1_252' title='bbox 294 3111 337 3169; x_wconf 80' lang='lat' dir='ltr'><strong>Et</strong></span> <span class='ocrx_word' id='word_1_253' title='bbox 358 3109 494 3170; x_wconf 80' lang='lat' dir='ltr'><strong>Fabias¹</strong></span> <span class='ocrx_word' id='word_1_254' title='bbox 516 3113 627 3171; x_wconf 79' lang='grc'><strong>66161116</strong></span> <span class='ocrx_word' id='word_1_255' title='bbox 641 3117 807 3186; x_wconf 71' lang='grc'><strong>1661661661</strong></span> <span class='ocrx_word' id='word_1_256' title='bbox 831 3115 929 3187; x_wconf 74' lang='grc'><strong>616661</strong></span> <span class='ocrx_word' id='word_1_257' title='bbox 949 3118 1113 3188; x_wconf 74' lang='lat' dir='ltr'><strong>atramque.</strong></span> 
     </span>
    </p>

    <p class='ocr_par' dir='ltr' id='par_1_5' title="bbox 292 3211 1144 3286">
     <span class='ocr_line' id='line_1_29' title="bbox 292 3211 1144 3286; baseline 0.009 -16"><span class='ocrx_word' id='word_1_258' title='bbox 292 3211 434 3284; x_wconf 76' lang='lat' dir='ltr'><strong>Purpura</strong></span> <span class='ocrx_word' id='word_1_259' title='bbox 456 3215 498 3272; x_wconf 83' lang='lat' dir='ltr'><strong>ter</strong></span> <span class='ocrx_word' id='word_1_260' title='bbox 520 3227 660 3272; x_wconf 77' lang='grc'><strong>66616166</strong></span> <span class='ocrx_word' id='word_1_261' title='bbox 682 3213 840 3286; x_wconf 78' lang='lat' dir='ltr'><strong>implerant</strong></span> <span class='ocrx_word' id='word_1_262' title='bbox 860 3216 978 3273; x_wconf 82' lang='grc'><strong>6666166</strong></span> <span class='ocrx_word' id='word_1_263' title='bbox 998 3215 1102 3286; x_wconf 78' lang='lat' dir='ltr'><strong>factos.</strong></span> <span class='ocrx_word' id='word_1_264' title='bbox 1142 3274 1144 3278; x_wconf 87' lang='lat'><strong>.</strong></span> 
     </span>
    </p>

    <p class='ocr_par' dir='ltr' id='par_1_6' title="bbox 195 3312 1341 3590">
     <span class='ocr_line' id='line_1_30' title="bbox 296 3312 990 3385; baseline 0 -15"><span class='ocrx_word' id='word_1_265' title='bbox 296 3312 451 3385; x_wconf 70' lang='grc'><strong>616666</strong></span> <span class='ocrx_word' id='word_1_266' title='bbox 472 3328 606 3372; x_wconf 79' lang='lat' dir='ltr'><strong>cesareae</strong></span> <span class='ocrx_word' id='word_1_267' title='bbox 626 3314 749 3384; x_wconf 73' lang='grc'><strong>66611616</strong></span> <span class='ocrx_word' id='word_1_268' title='bbox 770 3314 875 3372; x_wconf 82' lang='lat' dir='ltr'><strong>critias</strong></span> <span class='ocrx_word' id='word_1_269' title='bbox 897 3315 990 3374; x_wconf 84' lang='grc'><strong>66166.</strong></span> 
     </span>
     <span class='ocr_line' id='line_1_31' title="bbox 196 3408 1341 3490; baseline 0.004 -22"><span class='ocrx_word' id='word_1_270' title='bbox 196 3408 255 3478; x_wconf 74' lang='lat' dir='ltr'><strong>aui</strong></span> <span class='ocrx_word' id='word_1_271' title='bbox 281 3430 387 3471; x_wconf 88' lang='lat' dir='ltr'><strong>versus</strong></span> <span class='ocrx_word' id='word_1_272' title='bbox 418 3432 483 3471; x_wconf 92' lang='lat' dir='ltr'><strong>cum</strong></span> <span class='ocrx_word' id='word_1_273' title='bbox 510 3413 583 3471; x_wconf 92' lang='lat' dir='ltr'><strong>alibi</strong></span> <span class='ocrx_word' id='word_1_274' title='bbox 609 3433 754 3490; x_wconf 87' lang='lat' dir='ltr'><strong>nusquam</strong></span> <span class='ocrx_word' id='word_1_275' title='bbox 779 3414 979 3487; x_wconf 84' lang='lat' dir='ltr'><strong>inveniantur,</strong></span> <span class='ocrx_word' id='word_1_276' title='bbox 1012 3419 1124 3472; x_wconf 86' lang='lat' dir='ltr'><strong>certum</strong></span> <span class='ocrx_word' id='word_1_277' title='bbox 1152 3420 1197 3472; x_wconf 90' lang='lat' dir='ltr'><strong>est</strong></span> <span class='ocrx_word' id='word_1_278' title='bbox 1220 3415 1341 3476; x_wconf 87' lang='lat' dir='ltr'><strong>Vallam</strong></span> 
     </span>
     <span class='ocr_line' id='line_1_32' title="bbox 195 3511 814 3590; baseline 0.005 -21"><span class='ocrx_word' id='word_1_279' title='bbox 195 3530 245 3571; x_wconf 92' lang='grc'><strong>666</strong></span> <span class='ocrx_word' id='word_1_280' title='bbox 268 3532 305 3571; x_wconf 87' lang='lat' dir='ltr'><strong>ex</strong></span> <span class='ocrx_word' id='word_1_281' title='bbox 326 3512 417 3572; x_wconf 91' lang='lat' dir='ltr'><strong>Probi</strong></span> <span class='ocrx_word' id='word_1_282' title='bbox 440 3511 562 3572; x_wconf 86' lang='lat' dir='ltr'><strong>scholiis</strong></span> <span class='ocrx_word' id='word_1_283' title='bbox 585 3513 814 3590; x_wconf 89' lang='lat' dir='ltr'><strong>deprompsisse.</strong></span> 
     </span>
    </p>

    <p class='ocr_par' dir='ltr' id='par_1_7' title="bbox 192 3612 1341 4191">
     <span class='ocr_line' id='line_1_33' title="bbox 294 3612 1340 3692; baseline 0.005 -23"><span class='ocrx_word' id='word_1_284' title='bbox 294 3612 358 3670; x_wconf 86' lang='lat' dir='ltr'><strong>Iam</strong></span> <span class='ocrx_word' id='word_1_285' title='bbox 381 3612 545 3686; x_wconf 86' lang='lat' dir='ltr'><strong>videamus,</strong></span> <span class='ocrx_word' id='word_1_286' title='bbox 569 3632 657 3689; x_wconf 90' lang='lat' dir='ltr'><strong>quam</strong></span> <span class='ocrx_word' id='word_1_287' title='bbox 675 3613 817 3688; x_wconf 83' lang='lat' dir='ltr'><strong>religiose</strong></span> <span class='ocrx_word' id='word_1_288' title='bbox 833 3612 940 3672; x_wconf 88' lang='lat' dir='ltr'><strong>Vallae</strong></span> <span class='ocrx_word' id='word_1_289' title='bbox 964 3617 1112 3692; x_wconf 88' lang='lat' dir='ltr'><strong>excerptis</strong></span> <span class='ocrx_word' id='word_1_290' title='bbox 1129 3615 1238 3675; x_wconf 88' lang='lat' dir='ltr'><strong>codicis</strong></span> <span class='ocrx_word' id='word_1_291' title='bbox 1250 3615 1340 3674; x_wconf 88' lang='lat' dir='ltr'><strong>Probi</strong></span> 
     </span>
     <span class='ocr_line' id='line_1_34' title="bbox 193 3711 1339 3791; baseline 0.003 -21"><span class='ocrx_word' id='word_1_292' title='bbox 193 3713 292 3789; x_wconf 81' lang='lat' dir='ltr'><strong>imago</strong></span> <span class='ocrx_word' id='word_1_293' title='bbox 320 3713 512 3790; x_wconf 83' lang='lat' dir='ltr'><strong>exprimatur.</strong></span> <span class='ocrx_word' id='word_1_294' title='bbox 557 3713 602 3772; x_wconf 87' lang='lat' dir='ltr'><strong>Ac</strong></span> <span class='ocrx_word' id='word_1_295' title='bbox 630 3714 757 3790; x_wconf 91' lang='lat' dir='ltr'><strong>primum</strong></span> <span class='ocrx_word' id='word_1_296' title='bbox 780 3713 899 3791; x_wconf 90' lang='lat' dir='ltr'><strong>quidem</strong></span> <span class='ocrx_word' id='word_1_297' title='bbox 933 3711 1133 3791; x_wconf 83' lang='lat' dir='ltr'><strong>quaerendum</strong></span> <span class='ocrx_word' id='word_1_298' title='bbox 1155 3722 1209 3787; x_wconf 89' lang='lat' dir='ltr'><strong>est,</strong></span> <span class='ocrx_word' id='word_1_299' title='bbox 1241 3721 1339 3775; x_wconf 87' lang='lat' dir='ltr'><strong>utrum</strong></span> 
     </span>
     <span class='ocr_line' id='line_1_35' title="bbox 192 3812 1341 3893; baseline 0.004 -22"><span class='ocrx_word' id='word_1_300' title='bbox 192 3812 283 3871; x_wconf 89' lang='lat' dir='ltr'><strong>Valla</strong></span> <span class='ocrx_word' id='word_1_301' title='bbox 305 3814 412 3887; x_wconf 84' lang='lat' dir='ltr'><strong>omnia,</strong></span> <span class='ocrx_word' id='word_1_302' title='bbox 444 3814 571 3890; x_wconf 87' lang='lat' dir='ltr'><strong>quaein</strong></span> <span class='ocrx_word' id='word_1_303' title='bbox 594 3814 694 3873; x_wconf 90' lang='lat' dir='ltr'><strong>codice</strong></span> <span class='ocrx_word' id='word_1_304' title='bbox 717 3815 885 3887; x_wconf 86' lang='lat' dir='ltr'><strong>exstabant,</strong></span> <span class='ocrx_word' id='word_1_305' title='bbox 918 3814 1032 3873; x_wconf 86' lang='lat' dir='ltr'><strong>scholia</strong></span> <span class='ocrx_word' id='word_1_306' title='bbox 1053 3817 1103 3875; x_wconf 88' lang='lat' dir='ltr'><strong>vel</strong></span> <span class='ocrx_word' id='word_1_307' title='bbox 1126 3836 1219 3893; x_wconf 90' lang='lat' dir='ltr'><strong>paene</strong></span> <span class='ocrx_word' id='word_1_308' title='bbox 1243 3818 1341 3876; x_wconf 88' lang='lat' dir='ltr'><strong>omnia</strong></span> 
     </span>
     <span class='ocr_line' id='line_1_36' title="bbox 193 3911 1339 3996; baseline 0.008 -28"><span class='ocrx_word' id='word_1_309' title='bbox 193 3911 223 3968; x_wconf 93' lang='lat' dir='ltr'><strong>in</strong></span> <span class='ocrx_word' id='word_1_310' title='bbox 246 3930 332 3970; x_wconf 90' lang='lat' dir='ltr'><strong>usum</strong></span> <span class='ocrx_word' id='word_1_311' title='bbox 355 3932 441 3972; x_wconf 91' lang='lat' dir='ltr'><strong>suum</strong></span> <span class='ocrx_word' id='word_1_312' title='bbox 464 3914 654 3987; x_wconf 86' lang='lat' dir='ltr'><strong>converterit,</strong></span> <span class='ocrx_word' id='word_1_313' title='bbox 688 3933 725 3972; x_wconf 86' lang='lat' dir='ltr'><strong>an</strong></span> <span class='ocrx_word' id='word_1_314' title='bbox 754 3919 789 3972; x_wconf 87' lang='lat' dir='ltr'><strong>nt</strong></span> <span class='ocrx_word' id='word_1_315' title='bbox 811 3912 966 3974; x_wconf 81' lang='lat' dir='ltr'><strong>Gramerns</strong></span> <span class='ocrx_word' id='word_1_316' title='bbox 993 3921 1078 3991; x_wconf 89' lang='lat' dir='ltr'><strong>putat</strong></span> <span class='ocrx_word' id='word_1_317' title='bbox 1099 3917 1119 3975; x_wconf 96' lang='lat' dir='ltr'><strong>l.</strong></span> <span class='ocrx_word' id='word_1_318' title='bbox 1144 3937 1168 3975; x_wconf 91' lang='lat' dir='ltr'><strong>c.</strong></span> <span class='ocrx_word' id='word_1_319' title='bbox 1187 3938 1215 3994; x_wconf 89' lang='lat' dir='ltr'><strong>p.</strong></span> <span class='ocrx_word' id='word_1_320' title='bbox 1237 3920 1339 3996; x_wconf 88' lang='lat' dir='ltr'><strong>4sqq.</strong></span> 
     </span>
     <span class='ocr_line' id='line_1_37' title="bbox 192 4011 1338 4091; baseline 0.008 -23"><span class='ocrx_word' id='word_1_321' title='bbox 192 4029 287 4088; x_wconf 90' lang='lat' dir='ltr'><strong>pauca</strong></span> <span class='ocrx_word' id='word_1_322' title='bbox 315 4017 439 4084; x_wconf 87' lang='lat' dir='ltr'><strong>tantum,</strong></span> <span class='ocrx_word' id='word_1_323' title='bbox 476 4014 528 4072; x_wconf 90' lang='lat' dir='ltr'><strong>ubi</strong></span> <span class='ocrx_word' id='word_1_324' title='bbox 558 4033 595 4072; x_wconf 87' lang='lat' dir='ltr'><strong>ex</strong></span> <span class='ocrx_word' id='word_1_325' title='bbox 624 4033 681 4072; x_wconf 89' lang='lat' dir='ltr'><strong>usu</strong></span> <span class='ocrx_word' id='word_1_326' title='bbox 711 4015 769 4090; x_wconf 91' lang='lat' dir='ltr'><strong>ipsi</strong></span> <span class='ocrx_word' id='word_1_327' title='bbox 800 4013 967 4086; x_wconf 79' lang='lat' dir='ltr'><strong>videbatur,</strong></span> <span class='ocrx_word' id='word_1_328' title='bbox 1004 4011 1231 4091; x_wconf 83' lang='grc' dir='ltr'><em>ἀποσπασμάτια</em></span> <span class='ocrx_word' id='word_1_329' title='bbox 1262 4019 1338 4078; x_wconf 89' lang='lat' dir='ltr'><strong>inse·</strong></span> 
     </span>
     <span class='ocr_line' id='line_1_38' title="bbox 192 4111 1339 4191; baseline 0.006 -22"><span class='ocrx_word' id='word_1_330' title='bbox 192 4112 286 4169; x_wconf 86' lang='lat' dir='ltr'><strong>ruerit</strong></span> <span class='ocrx_word' id='word_1_331' title='bbox 309 4111 345 4171; x_wconf 91' lang='lat' dir='ltr'><strong>de</strong></span> <span class='ocrx_word' id='word_1_332' title='bbox 367 4113 445 4172; x_wconf 88' lang='lat' dir='ltr'><strong>libro</strong></span> <span class='ocrx_word' id='word_1_333' title='bbox 469 4133 534 4187; x_wconf 87' lang='lat' dir='ltr'><strong>suo,</strong></span> <span class='ocrx_word' id='word_1_334' title='bbox 558 4115 688 4190; x_wconf 88' lang='lat' dir='ltr'><strong>plurima</strong></span> <span class='ocrx_word' id='word_1_335' title='bbox 710 4120 809 4173; x_wconf 90' lang='lat' dir='ltr'><strong>autem</strong></span> <span class='ocrx_word' id='word_1_336' title='bbox 832 4117 1041 4191; x_wconf 86' lang='lat' dir='ltr'><strong>suppresserit.</strong></span> <span class='ocrx_word' id='word_1_337' title='bbox 1089 4116 1253 4176; x_wconf 84' lang='lat' dir='ltr'><strong>Posteriori</strong></span> <span class='ocrx_word' id='word_1_338' title='bbox 1275 4136 1339 4176; x_wconf 89' lang='lat' dir='ltr'><strong>sen·</strong></span> 
     </span>
    </p>
   </div>
   <div class='ocr_carea' id='block_1_3' title="bbox 191 4213 1339 4406">
    <p class='ocr_par' dir='ltr' id='par_1_8' title="bbox 191 4213 1339 4406">
     <span class='ocr_line' id='line_1_39' title="bbox 191 4213 1339 4294; baseline 0.007 -26"><span class='ocrx_word' id='word_1_339' title='bbox 191 4213 302 4271; x_wconf 88' lang='lat' dir='ltr'><strong>tentiae</strong></span> <span class='ocrx_word' id='word_1_340' title='bbox 331 4213 450 4272; x_wconf 89' lang='lat' dir='ltr'><strong>obstant</strong></span> <span class='ocrx_word' id='word_1_341' title='bbox 475 4214 570 4291; x_wconf 86' lang='lat' dir='ltr'><strong>ipsius</strong></span> <span class='ocrx_word' id='word_1_342' title='bbox 592 4214 700 4273; x_wconf 84' lang='lat' dir='ltr'><strong>Vallae</strong></span> <span class='ocrx_word' id='word_1_343' title='bbox 730 4215 832 4288; x_wconf 90' lang='lat' dir='ltr'><strong>verba,</strong></span> <span class='ocrx_word' id='word_1_344' title='bbox 865 4234 940 4292; x_wconf 90' lang='lat' dir='ltr'><strong>quae</strong></span> <span class='ocrx_word' id='word_1_345' title='bbox 968 4237 1057 4294; x_wconf 88' lang='lat' dir='ltr'><strong>snpra</strong></span> <span class='ocrx_word' id='word_1_346' title='bbox 1083 4214 1125 4294; x_wconf 88' lang='lat' dir='ltr'><strong>(p.</strong></span> <span class='ocrx_word' id='word_1_347' title='bbox 1150 4214 1202 4293; x_wconf 82' lang='grc'><strong>27)</strong></span> <span class='ocrx_word' id='word_1_348' title='bbox 1230 4220 1339 4276; x_wconf 88' lang='lat' dir='ltr'><strong>exscri-</strong></span> 
     </span>
     <span class='ocr_line' id='line_1_40' title="bbox 191 4312 1339 4406; baseline 0.006 -37"><span class='ocrx_word' id='word_1_349' title='bbox 191 4312 314 4388; x_wconf 91' lang='lat' dir='ltr'><strong>psimus,</strong></span> <span class='ocrx_word' id='word_1_350' title='bbox 348 4314 456 4390; x_wconf 88' lang='lat' dir='ltr'><strong>quibus</strong></span> <span class='ocrx_word' id='word_1_351' title='bbox 480 4333 511 4374; x_wconf 87' lang='lat' dir='ltr'><strong>se</strong></span> <span class='ocrx_word' id='word_1_352' title='bbox 533 4315 624 4375; x_wconf 87' lang='lat' dir='ltr'><strong>Probi</strong></span> <span class='ocrx_word' id='word_1_353' title='bbox 646 4317 918 4406; x_wconf 81' lang='lat' dir='ltr'><strong>interpretamenta,</strong></span> <span class='ocrx_word' id='word_1_354' title='bbox 952 4318 1129 4376; x_wconf 88' lang='lat' dir='ltr'><strong>cuicuimodi</strong></span> <span class='ocrx_word' id='word_1_355' title='bbox 1158 4337 1192 4377; x_wconf 89' lang='grc'><strong>66</strong></span> <span class='ocrx_word' id='word_1_356' title='bbox 1218 4320 1339 4388; x_wconf 85' lang='lat' dir='ltr'><strong>fuerint,</strong></span> 
     </span>
    </p>
   </div>
   <div class='ocr_carea' id='block_1_4' title="bbox 293 4517 968 4591">
    <p class='ocr_par' dir='ltr' id='par_1_9' title="bbox 293 4517 968 4591">
     <span class='ocr_line' id='line_1_41' title="bbox 293 4517 968 4591; baseline 0.007 -22"><span class='ocrx_word' id='word_1_357' title='bbox 293 4518 303 4550; x_wconf 89' lang='lat'>¹</span> <span class='ocrx_word' id='word_1_358' title='bbox 323 4517 428 4573; x_wconf 88' lang='lat' dir='ltr'><strong>Dubito</strong></span> <span class='ocrx_word' id='word_1_359' title='bbox 447 4535 512 4574; x_wconf 89' lang='lat' dir='ltr'><strong>cum</strong></span> <span class='ocrx_word' id='word_1_360' title='bbox 530 4518 628 4574; x_wconf 89' lang='lat' dir='ltr'><strong>lchnio</strong></span> <span class='ocrx_word' id='word_1_361' title='bbox 651 4520 791 4591; x_wconf 83' lang='lat' dir='ltr'><strong>corrigere</strong></span> <span class='ocrx_word' id='word_1_362' title='bbox 810 4520 968 4576; x_wconf 83' lang='lat' dir='ltr'><strong>Fabricius.</strong></span> 
     </span>
    </p>
   </div>
   <div class='ocr_carea' id='block_1_5' title="bbox 0 0 1622 5038">
    <p class='ocr_par' dir='ltr' id='par_1_10' title="bbox 0 0 1622 5038">
     <span class='ocr_line' id='line_1_42' title="bbox 0 0 1622 5038; baseline 0 0"><span class='ocrx_word' id='word_1_363' title='bbox 0 0 1622 5038; x_wconf 95' lang='lat' dir='ltr'><strong> </strong></span> 
     </span>
    </p>
   </div>
  </div>
 </body>
</html>
