3234 5038
316 517 377 574 100

316 617 372 675 101

315 718 374 774 102

315 818 374 875 103

314 918 371 974 101

573 1015 632 1072 108
644 1015 727 1090 prius

313 1110 373 1167 108
383 1109 510 1168 alterum
567 1114 659 1174 schol.
673 1108 735 1190 (?)¹

398 1202 491 1262 sohol.

314 1302 373 1360 109

313 1402 373 1458 110

313 1501 370 1558 111

313 1601 372 1658 112

313 1701 372 1758 113

313 1801 373 1858 114

311 1902 370 1959 115

312 2004 370 2062 116

307 2399 506 2408 -——-..

410 2513 532 2569 ²Vallu:
555 2552 670 2569 .....
689 2515 753 2584 Epo
771 2519 860 2568 autem
885 2515 1063 2583 torpentium
1086 2516 1172 2582 fuisse
1195 2517 1327 2572 iuaeuolio
1349 2533 1458 2574 aureum

307 2603 427 2658 arbitror
428 2642 567 2657 ......
591 2601 628 2656 Ut
645 2602 682 2656 eit
699 2617 794 2655 oeuoua
812 2601 837 2654 oi
855 2601 930 2656 divae
955 2602 1056 2658 truitae
1083 2619 1181 2658 aureae
1204 2604 1318 2659 bibeudo
1339 2605 1457 2672 fundum

305 2691 445 2748 iurauerit
464 2689 647 2759 crepitumque
665 2689 769 2745 dederit
787 2706 805 2744 a
824 2690 950 2759 praeauto
971 2691 1065 2745 statim
1082 2691 1250 2748 laudabitur.
1269 2693 1384 2748 bibaarn
1394 2710 1458 2764 erpo

305 2779 412 2836 diuitem
433 2777 525 2849 arpuit
544 2777 666 2847 quadiu
684 2779 768 2833 truita
785 2777 859 2832 bibat
876 2778 997 2846 iuepturu
1014 2779 1085 2848 quod
1103 2780 1223 2850 erepituo
1235 2780 1307 2836 iuter
1317 2781 1458 2838 bibendum
1496 2790 1502 2800 ’

306 2867 388 2922 aedat
405 2873 431 2922 et
449 2867 562 2922 stultum
585 2866 659 2935 quod
677 2867 710 2921 ob
730 2865 761 2920 id
779 2883 797 2920 a
815 2868 944 2936 praerato
967 2867 1020 2921 sibi
1046 2867 1121 2922 eiueu
1152 2867 1262 2923 adulari
1268 2888 1277 2934 ‚·
1305 2869 1340 2924 of.
1370 2869 1457 2924 schol.

307 2956 365 3010 eod.
385 2955 463 3009 Voar.
482 2972 524 3009 nr.
547 2958 591 3009 18:
611 2971 710 3009 aurea.-
743 2954 865 3010 Auream
883 2956 993 3010 truttam
1013 2961 1091 3011 uorat
1111 2972 1193 3010 auum
1215 2957 1318 3012 diuitis.
1343 2963 1457 3028 prepter

305 3043 418 3098 diuitias
437 3042 508 3098 diait
527 3058 646 3110 auream,
673 3047 701 3096 et
720 3043 842 3097 eiusdem
862 3043 922 3097 cod.
942 3044 1025 3114 gloss.
1044 3044 1151 3098 interla
1174 3045 1318 3114 crepitum:
1338 3045 1456 3100 sortitum

304 3129 324 3184 i.
342 3129 368 3183 ei
383 3130 503 3200 pepedit,
522 3134 606 3199 atque
624 3130 706 3202 gloss.
729 3131 831 3185 Paria:
861 3131 956 3186 trulla
983 3146 1069 3186 aurea
1093 3132 1122 3187 id
1149 3139 1188 3188 ert
1205 3149 1286 3188 eoum
1304 3133 1404 3189 uentris
1423 3151 1456 3190 eu

301 3222 384 3285 parte
404 3219 516 3273 oboeeuo
536 3217 638 3272 diuitis.

406 3307 528 3360 ’Vellem
548 3305 670 3374 Spouous
689 3306 763 3362 leuis.
781 3306 870 3362 aditae
887 3308 1028 3378 imberbi83
1047 3308 1081 3363 of.
1100 3310 1183 3379 gloss.
1197 3309 1290 3363 interl.
1304 3309 1364 3364 aod.
1377 3309 1454 3363 Voss.

304 3411 347 3447 nr.
368 3397 415 3447 18:
435 3395 515 3450 uuir:
532 3394 657 3450 iuberbie.
866 3456 869 3460 ,

405 3482 526 3537 ⁸Vallu:
547 3482 671 3538 Furious
689 3483 807 3538 maioris
825 3484 936 3538 abollae.
956 3484 1068 3540 maioris
1084 3483 1220 3552 ponderis.
1238 3485 1453 3538 abottomoeotem

303 3569 371 3624 diait
390 3570 555 3624 senatoriam
573 3576 603 3625 ut
622 3571 681 3640 ipse
698 3571 765 3626 aiibi
782 3576 866 3640 rapta
882 3573 1051 3640 properabat
1069 3572 1158 3627 abolla
1166 3587 1286 3642 papatus
1291 3591 1301 3639 ;
1321 3571 1356 3626 of.
1368 3571 1452 3626 eohol.

304 3658 363 3712 aad.
377 3657 454 3711 Voss.
467 3675 509 3711 nr.
521 3660 564 3712 18:
584 3659 701 3714 abollae:
721 3659 820 3713 Abotta
838 3664 876 3714 eat
893 3659 972 3714 vertis
991 3661 1132 3715 oeuatoria
1149 3665 1231 3729 topae
1248 3661 1347 3715 scilieet
1359 3674 1451 3730 peuue.

305 3745 379 3799 Hiue
397 3745 473 3800 alibi.
510 3746 606 3816 Rapta
621 3762 741 3816 pepoouo
754 3748 923 3817 properabat
941 3747 1036 3815 ababa
1056 3751 1085 3802 et
1104 3748 1189 3802 schol.
1210 3747 1271 3802 aod.
1285 3747 1366 3802 Laid.
1384 3747 1452 3802 bibl.

304 3833 380 3901 publ.
399 3851 441 3886 nr.
455 3835 501 3888 82:
522 3835 612 3890 abolla
631 3851 717 3905 aerius
734 3835 815 3890 uratia
833 3841 894 3890 erat
913 3853 966 3905 quo
988 3837 1090 3891 uobibeo
1113 3841 1138 3891 et
1155 3841 1291 3890 eeuotoreo
1308 3836 1454 3890 utebantur

304 3938 326 3975 e.
346 3938 372 3989 q.
392 3938 413 3974 s.
432 3950 468 3960 -
485 3921 571 3976 Gloss.
591 3923 691 3977 Paria:
711 3923 807 3978 Abolla
825 3938 909 3991 peuuo
928 3923 1080 3978 restituenti
1096 3923 1202 3979 rustici.

405 4008 527 4064 *Vallaz
545 4009 653 4065 Stoieus
679 4010 776 4065 ooaidit
801 4011 916 4064 boream.
944 4009 1114 4064 betiodorum.
1146 4011 1254 4065 boream
1282 4010 1349 4065 dieit
1373 4009 1454 4078 probi

305 4097 459 4152 testimonio
477 4097 556 4152 ouius
574 4113 660 4167 supra
679 4097 848 4151 meminimus
866 4098 913 4152 ubi
930 4097 987 4166 ipse
1005 4098 1112 4167 iuquit:
1129 4103 1193 4166 poet
1211 4099 1282 4152 burro
1298 4098 1391 4168 mapai
1409 4097 1452 4152 de·

303 4182 374 4239 lator
393 4185 479 4239 amru
497 4184 590 4255 (133).
622 4184 675 4239 Sed
693 4185 734 4238 ibi
752 4202 816 4253 non,
836 4189 868 4238 ut
885 4185 939 4239 hoo
958 4185 1028 4253 loeo,
1047 4185 1117 4240 falso
1137 4184 1304 4240 Heliodorus
1323 4189 1351 4240 et
1363 4185 1452 4238 Barea

303 4272 411 4326 oonfusi
435 4278 514 4342 sunt3
542 4273 654 4328 videtur
677 4273 765 4342 igitur
785 4273 869 4327 Valle
892 4289 992 4328 nomon
1018 4277 1093 4327 certe
1111 4273 1256 4328 Heliodori
1276 4273 1312 4328 ad
1329 4274 1357 4327 h.
1376 4292 1402 4327 v.
1422 4274 1451 4325 in

304 4360 398 4416 codice
421 4377 470 4414 suo
495 4361 667 4430 adscriptum
686 4361 836 4429 invenisse3
866 4360 901 4415 of.
920 4360 1006 4416 sohol.
1024 4361 1084 4416 aod.
1104 4347 1182 4416 Voss.
1204 4380 1245 4416 nr.
1265 4365 1311 4416 18:
1331 4361 1449 4416 Stoicae:

303 4447 466 4503 Hetedorum
483 4449 621 4518 eipuifiaat
639 4449 752 4504 stoicum
772 4449 821 4518 put
838 4449 944 4504 boream
963 4449 1078 4504 muiaruu
1093 4465 1171 4504 ouum
1189 4455 1214 4506 et
1226 4449 1388 4518 ddeeiputuru
1410 4453 1451 4502 at·

302 4549 352 4602 pue
370 4534 465 4591 bauo
483 4552 549 4592 suae
565 4541 769 4606 procuratorem
787 4537 921 4594 detotioue
938 4553 991 4592 oua
1006 4535 1073 4605 feeit
1090 4537 1207 4605 iuterfiei
1223 4554 1241 4592 a
1260 4552 1369 4593 uaoua
