3234 5038
795 285 812 335 6

232 462 281 534 sit,
305 461 414 537 partim
429 461 542 537 recepit
563 479 659 538 neque
673 466 774 518 tamen
795 461 826 518 in
849 458 1038 518 adnotatione
1059 457 1162 517 critica
1185 456 1382 515 areoentiore

232 579 321 638 manu
343 559 444 619 addita
466 579 532 619 esse
549 566 767 620 commemorat.
805 561 852 618 De
867 559 1083 636 posterioribus
1100 563 1214 616 tontum
1229 588 1267 596 -
1281 558 1381 634 priore

232 662 310 720 enim
338 680 432 738 nuper
454 661 527 720 mihi
549 663 676 723 Bonneti
703 661 832 720 maxime
855 661 997 720 beneficio
1023 661 1214 718 innotuerunt
1236 689 1273 698 -
1298 677 1381 717 acon·

232 763 327 821 ratius
361 763 506 840 quaesivi.
552 763 681 822 Exstant
707 763 800 839 igitur
831 763 929 820 omnia
960 760 1023 820 fere
1051 761 1081 818 in
1115 779 1173 818 uno
1204 759 1381 837 pluribusve

233 860 317 921 codd.
341 861 544 938 Leidensinm,
564 864 594 922 in
618 862 726 941 quibus
750 862 865 922 scholia
881 860 1061 922 Cornutiana
1082 861 1283 933 inveniuntur,
1305 859 1381 920 Vos·

233 963 332 1021 sianos
365 962 431 1022 dico
457 982 502 1022 nr.
526 963 564 1020 18
587 968 616 1021 et
637 982 681 1022 nr.
706 963 745 1021 64
777 968 865 1039 atque
893 961 966 1020 bibl.
993 961 1074 1038 publ.
1104 979 1149 1019 nr.
1174 961 1212 1018 82
1223 955 1242 1017 ¹.
1287 956 1381 1019 Grato

232 1081 305 1122 vero
336 1068 371 1122 nt
400 1081 527 1141 aequum
555 1067 600 1122 est
629 1063 725 1121 animo
756 1061 804 1121 hio
834 1060 1055 1120 memorandum
1086 1068 1132 1119 est
1163 1061 1230 1120 viro
1259 1060 1380 1136 egregio

234 1161 270 1221 de
301 1163 377 1222 Rieu
407 1163 553 1226 benevole
583 1163 783 1222 intercedente
814 1167 916 1222 nostra
952 1181 1041 1221 eausa
1075 1163 1112 1220 iis
1147 1161 1254 1239 quibus
1282 1161 1381 1221 visum

234 1269 280 1322 est
306 1264 381 1324 loeis
409 1264 525 1324 codices
547 1265 709 1324 Leidenses
734 1265 902 1341 inspexisse
924 1263 960 1322 de
983 1264 1086 1341 eisque
1109 1263 1269 1339 diligenter
1290 1267 1381 1320 rettu-

186 1431 189 1436 ,
232 1364 305 1422 lisso
332 1365 432 1425 virum
460 1365 580 1425 doctum
613 1365 832 1443 humanumque
863 1384 922 1425 van
950 1365 1042 1425 Veen.
1095 1363 1184 1422 Cuius
1211 1363 1381 1422 testimonio

233 1465 368 1524 nituntur
393 1485 435 1540 ea,
459 1485 535 1543 quae
557 1465 593 1524 de
608 1467 730 1525 illorum
753 1466 888 1526 codicum
911 1465 1032 1525 scholiis
1049 1467 1078 1525 in
1101 1464 1230 1524 medium
1252 1464 1381 1541 profere-

236 1583 311 1623 mus.
355 1564 438 1624 Haec
465 1572 563 1625 autem
592 1587 629 1626 ex
652 1567 783 1637 scholiis,
810 1587 886 1645 quae
911 1569 941 1625 in
965 1567 1063 1626 Iahnii
1084 1566 1212 1625 editione
1233 1566 1382 1641 leguntur,
1465 1543 1472 1556 ¹

236 1686 324 1725 manu
347 1668 476 1726 secunda
500 1664 564 1744 (8²)
587 1670 617 1727 in
642 1668 742 1728 codice
764 1669 1025 1746 Montepessnlano
1048 1674 1117 1727 sunt
1139 1666 1253 1726 addita:

334 1766 433 1829 Sobel.
450 1769 515 1828 adI
531 1771 571 1830 20
594 1767 638 1844 (in
653 1770 717 1830 cod.
730 1770 823 1830 Mont.
840 1771 877 1830 ad
894 1772 942 1828 11.
958 1770 1020 1828 fere
1035 1789 1155 1829 versum
1171 1763 1381 1844 adscriptum):

235 1865 383 1928 Aurunca.
427 1870 556 1930 Liuium
570 1873 731 1944 satyricum
746 1873 827 1947 dicit,
844 1873 895 1945 qui
909 1871 968 1943 fuit
980 1869 1141 1930 Auruncus
1155 1870 1188 1928 id
1203 1872 1245 1928 ast
1262 1869 1384 1928 Tuscus.

235 1997 275 2007 -
298 1967 408 2027 Exstat
429 1971 460 2028 in
483 1969 567 2030 codd.
590 1971 678 2031 Voss.
698 1991 743 2030 nr.
766 1973 803 2029 18
828 1977 857 2030 et
878 1991 921 2030 nr.
948 1968 1012 2031 64².

334 2068 426 2128 schol.
450 2070 488 2128 ad
510 2071 577 2130 132
604 2072 635 2130 in
665 2072 729 2131 cod.
751 2071 845 2131 Mont.
872 2072 1011 2130 lemmate
1041 2071 1150 2130 omisso
1173 2071 1215 2128 ita
1239 2070 1382 2146 scriptum

235 2174 297 2228 est:
335 2166 505 2230 Adsecutus
535 2171 603 2242 fuit.
638 2173 688 2246 qui
717 2173 850 2242 scelerib-
883 2173 964 2232 diues
993 2171 1108 2243 effectus
1133 2177 1170 2238 ἐν
1192 2201 1233 2211 —-
1255 2170 1383 2230 Lectica.

232 2286 325 2343 aeuus
351 2271 491 2342 ocbicuti;
522 2273 633 2332 aohites
655 2275 731 2332 euius
756 2274 862 2333 lacticis
880 2275 1067 2333 vietitantes.
1093 2273 1283 2330 -Exstant
1310 2270 1383 2330 haec

235 2367 292 2428 duo
317 2368 430 2429 scholia
452 2371 482 2429 in
506 2371 589 2431 codd.
613 2373 702 2433 Voss.
724 2391 769 2431 nr.
796 2373 832 2431 18
850 2378 886 2431 'et
907 2392 951 2432 nr.
977 2372 1044 2432 64³.

335 2469 429 2530 schol.
452 2471 489 2529 ad
510 2472 609 2532 1160:
643 2475 750 2533 Tereia
782 2470 839 2547 (sic
868 2475 900 2532 in
933 2473 997 2534 cod.
1020 2469 1125 2549 Mont.)
1158 2491 1262 2534 nuncu
1293 2489 1382 2532 merc-

235 2570 318 2628 tricis
337 2569 359 2626 t
382 2566 438 2641 (sic
451 2567 529 2645 cod.)
544 2574 635 2632 tercia
656 2574 730 2646 ipsu,
753 2574 787 2633 id
808 2578 850 2632 cst
871 2591 935 2634 cum
957 2575 1068 2633 duobus
1089 2575 1244 2642 adulteris,
1265 2576 1298 2632 ut
1319 2589 1383 2632 car-

232 2674 295 2746 pat,
317 2673 396 2745 quod
416 2689 477 2730 acu
498 2673 661 2744 suspiciebat
680 2675 754 2732 iuris
778 2670 850 2750 (leg.
873 2676 920 2734 uir
941 2671 990 2748 ci),
1013 2675 1075 2733 uisi
1095 2675 1199 2748 ptores
1220 2677 1321 2733 esseut.
1342 2702 1383 2710 -

235 2757 344 2830 Exstat
366 2773 396 2830 in
419 2771 503 2833 codd.
527 2773 614 2833 Voss.
637 2794 681 2833 nr.
707 2777 745 2834 18
769 2780 798 2834 et
819 2795 863 2834 nr.
887 2776 938 2833 64.
1037 2761 1050 2778 ’

334 2871 426 2930 schol.
450 2873 488 2930 ad
511 2873 638 2934 Vitae:
662 2875 810 2934 Hortatur
836 2880 939 2949 poetas
967 2876 1142 2948 temporibus
1165 2875 1294 2934 Neronis
1319 2891 1383 2934 oar·

234 2972 316 3032 mina
337 2974 468 3033 scribere.
495 3003 529 3013 -
555 2975 664 3035 Exstat
686 2976 717 3034 in
740 2976 824 3036 codd.
844 2977 933 3036 Voss.
956 2995 1000 3035 nr.
1027 2978 1063 3035 18
1087 2982 1117 3034 et
1138 2995 1183 3034 nr.
1208 2977 1255 3034 64.

335 3072 427 3133 schol.
451 3073 488 3133 ad
511 3075 639 3136 VII37:
662 3078 734 3151 quia
750 3081 854 3151 poetae
876 3077 1013 3150 Apollini·
1034 3082 1061 3136 ct
1082 3078 1183 3136 Musis
1208 3080 1293 3136 cruat
1316 3095 1383 3136 cou-

234 3175 349 3232 seeruti.
369 3205 410 3214 -
430 3175 496 3236 Hoc
518 3177 664 3236 scholium
687 3198 704 3236 a
727 3177 877 3237 codicibus
893 3177 1089 3236 Leidensibus
1113 3177 1219 3236 abesse
1242 3176 1316 3234 mihi
1337 3195 1383 3235 re-

235 3272 328 3330 latum
352 3280 413 3348 est;
438 3277 517 3354 quod
540 3297 610 3338 casu
632 3280 743 3338 factum
767 3299 832 3338 esse
853 3284 961 3356 potest.

335 3374 428 3435 schol.
451 3378 638 3439 adV1164:
663 3380 759 3456 Curru
787 3382 862 3441 caim
887 3385 913 3440 et
934 3381 1013 3440 Nisa
1038 3384 1147 3439 moritus
1173 3382 1257 3450 suat;
1290 3377 1386 3452 Curru

235 3555 434 3565 ———.-·—

338 3683 347 3713 ¹
370 3682 409 3738 cf.
433 3683 468 3738 de
492 3684 534 3738 his
558 3683 700 3740 codicibus
721 3684 895 3754 Schopenum
918 3686 947 3738 in
970 3693 1179 3757 programmate
1200 3707 1293 3759 gymn.
1313 3691 1384 3744 Bon-

236 3771 329 3825 nensis
348 3789 371 3826 a.
388 3773 456 3825 1817
475 3789 502 3841 p.
518 3775 541 3824 1.
572 3772 672 3826 Fusius
691 3773 726 3827 de
745 3773 779 3826 iis
798 3774 908 3827 rettulit
924 3774 1057 3844 Gig'ohius
1076 3776 1180 3844 libello,
1200 3777 1248 3845 qui
1267 3777 1383 3846 inscrip-

237 3865 282 3914 tus
300 3863 355 3913 est:
374 3861 546 3928 ‘Apparatus
566 3860 657 3915 critici
678 3861 715 3916 sd
731 3861 889 3916 Iuvenalem
910 3863 939 3916 in
960 3863 1028 3917 bibl.
1050 3865 1128 3918 acad.
1148 3864 1276 3919 Leidensi
1297 3883 1385 3920 asser·

236 3948 296 4002 vati
313 3947 464 4016 descriptio
484 3953 512 4002 et
531 3949 683 4018 specimen’
702 3949 816 4018 (Leidae
837 3952 925 4018 1849).

336 4037 346 4068 ²
364 4036 462 4090 Liceat
475 4035 545 4089 mihi
561 4053 674 4091 monere
693 4036 723 4090 in
742 4038 883 4092 codicibus
896 4037 1076 4094 Leidensibus
1095 4041 1163 4094 haec
1181 4041 1286 4096 scholia
1299 4042 1382 4110 paulo

236 4125 320 4179 aliter
338 4124 443 4192 scripta
462 4141 521 4178 csse
540 4125 637 4178 solere.
662 4125 795 4194 Gigchius
815 4127 899 4192 enim,
918 4132 950 4181 ut
968 4128 1127 4196 exemplum
1145 4130 1279 4199 adferam,
1299 4131 1383 4185 schol.

236 4213 314 4268 Voss.
334 4213 400 4268 adl
420 4215 456 4266 20
474 4213 503 4265 in
524 4213 720 4267 dissertatione
749 4215 917 4269 ‘continenti
938 4217 994 4270 tria
1013 4218 1114 4287 capita,
1133 4219 1293 4273 Iuvenalem
1313 4219 1382 4272 eius·

235 4321 290 4372 que
316 4302 478 4357 scholiastes
499 4302 671 4371 spectantia’
689 4302 789 4372 (Lugd.
808 4303 839 4356 B.
861 4304 940 4373 1850)
957 4324 984 4375 p.
1003 4308 1038 4360 20
1061 4307 1101 4360 ito
1126 4307 1227 4361 edidit:
1258 4307 1384 4361 Lucilius

236 4392 379 4460 satiricus,
399 4391 448 4460 uui
464 4391 611 4447 Auruncus
628 4393 685 4458 fuit
703 4393 722 4446 i.
742 4410 762 4447 e.
783 4393 894 4448 Tuscus.

223 4519 226 4525 -
336 4480 408 4534 ³0f.
429 4480 526 4550 Gigch.
546 4482 564 4535 1.
585 4497 605 4536 e.
624 4499 652 4551 p.
665 4483 697 4534 21
718 4500 745 4536 n.
759 4484 784 4534 2.
