3234 5038
800 371 817 424 4

236 547 309 607 Inde
341 549 371 608 in
406 546 619 608 bibliothecam
645 545 790 605 Matthiae
820 544 953 615 Corvini,
987 545 1160 621 Hungariac
1191 545 1282 622 regis,
1318 565 1382 622 per·

236 647 317 708 latus
340 668 405 710 esse
430 648 558 724 videtur,
590 648 616 706 si
639 646 758 725 quidem
780 665 856 724 quae
880 647 1006 706 infolio
1030 646 1109 723 quod
1131 650 1316 706 numeratum
1340 651 1385 704 cst

235 750 332 826 primo
354 769 380 811 r.
403 751 559 827 leguntur:

695 858 823 920 mathias
845 861 923 919 1469

237 978 373 1038 adhunc
395 979 554 1057 pertinent.
598 976 713 1044 Quibus
736 996 809 1037 vcro
831 982 899 1054 post
920 976 1090 1035 Budensem
1113 995 1139 1034 a.
1164 975 1243 1034 1526
1269 974 1382 1034 cladem

235 1080 361 1139 iactatus
383 1081 422 1139 sit
444 1079 569 1153 casibus,
592 1079 643 1139 vel
667 1098 725 1156 qna
747 1078 862 1137 ratione
878 1076 914 1135 ad
929 1076 1121 1136 Franciscum
1136 1075 1303 1150 Pithoeum,
1325 1077 1383 1134 fra·

235 1183 312 1237 trem
334 1178 426 1254 Petri,
454 1182 636 1258 pervenerit,
659 1183 825 1253 nescimus;
859 1179 938 1258 quod
961 1180 1038 1238 enim
1060 1179 1094 1237 P.
1117 1177 1260 1238 Pithoeus
1283 1178 1383 1252 iniis,

236 1297 312 1355 quae
330 1279 361 1337 in
381 1280 461 1339 ealce
477 1282 680 1341 commentarii
695 1281 810 1359 antiqui
830 1281 971 1340 lectorem
986 1285 1097 1350 monet,
1120 1280 1163 1337 ita
1177 1280 1233 1337 ait:
1256 1272 1402 1352 ‘(exem·‹

234 1375 315 1456 pler)
339 1380 417 1458 quod
444 1381 480 1440 de
502 1382 649 1441 Budeusis
678 1383 771 1441 cladis
798 1382 936 1459 reliquiis
966 1383 996 1439 in
1021 1379 1207 1438 Thassilonis
1235 1377 1383 1456 quendam

235 1481 328 1539 Ducis
360 1483 533 1542 coenobium
565 1483 692 1542 relatum
724 1484 817 1542 fuisse
849 1501 885 1541 ex
912 1480 1058 1540 Matthiae
1086 1479 1234 1557 adscripto
1265 1479 1383 1538 nomine

232 1581 323 1640 facile
350 1581 493 1642 adductus
517 1603 591 1658 sum,
622 1589 655 1643 ut
679 1577 855 1657 crederem’,
891 1601 954 1642 rem
976 1582 1065 1659 plene
1095 1587 1197 1640 contra
1219 1599 1251 1640 se
1272 1580 1384 1639 habere

235 1682 306 1742 illuc
329 1684 439 1743 codicis
462 1686 672 1764 inscriptiones
694 1687 800 1746 testari
822 1685 971 1746 videntur.
1014 1684 1193 1743 Franciseus
1215 1687 1314 1741 autem
1335 1680 1384 1739 Pi-

236 1783 342 1843 thoeus
365 1784 454 1846 Petro
478 1788 565 1847 fratri
598 1788 728 1849 codicem
755 1789 885 1864 donavit,
918 1793 950 1846 ut
980 1787 1030 1847 hio
1051 1788 1116 1864 ipse
1138 1785 1230 1845 refert
1260 1786 1291 1843 in
1312 1777 1383 1843 ‘mo-

237 1881 353 1945 uendis’
387 1888 473 1949 modo
502 1893 748 1969 commemoratis,
783 1911 858 1951 anno
880 1896 914 1950 ut
940 1890 1061 1951 videtur
1090 1889 1187 1960 15733
1221 1892 1300 1946 certe
1328 1884 1382 1944 sub

236 1989 354 2048 nominc
381 1989 416 2048 P.
438 1991 568 2065 Pithoei,
604 1992 684 2070 quod
714 1994 744 2051 in
778 1994 873 2069 primo
908 1991 987 2070 quod
1014 1995 1202 2050 numeratum
1226 1992 1278 2047 est
1310 1987 1383 2045 folio

234 2108 261 2148 r.
284 2095 372 2149 antea
393 2093 518 2166 exstitit,
542 2112 619 2151 nuno
642 2098 736 2153 totum
758 2093 821 2154 fere
844 2112 962 2152 erasum
985 2098 1031 2150 est
1039 2088 1058 2164 ¹,
1082 2091 1210 2166 legitur:

686 2210 920 2270 MDLXXIII.

335 2325 421 2386 Hanc
443 2328 666 2404 inscriptionem
686 2329 839 2406 excipiunt
860 2328 968 2389 verba:

604 2447 655 2505 Ec
679 2446 781 2505 Iones
877 2446 997 2518 Collecti

603 2546 736 2605 oratorii
875 2545 1033 2604 Trecensts.

235 2659 353 2728 Quibus
388 2661 516 2721 efficitur
551 2662 681 2722 codicem
711 2668 780 2740 post
812 2668 938 2722 mortem
958 2661 1076 2720 Pithoei
1107 2661 1137 2718 in
1168 2659 1380 2718 bibliothecam

236 2747 357 2839 collegii
380 2764 503 2822 oratorii
518 2763 675 2823 Trecensis
697 2765 885 2841 pervenisse;
910 2762 977 2823 inde
998 2761 1197 2823 revolutionis
1220 2780 1295 2838 quae
1311 2761 1381 2819 dici·

234 2869 283 2920 tur
305 2862 550 2939 Francogallicae
574 2865 757 2941 temporibus
785 2866 913 2942 primum
938 2865 969 2923 in
996 2862 1208 2922 bibliothecam
1230 2861 1381 2939 publicam

233 2963 420 3038 Trecensem‚
444 2964 549 3022 deinde
570 2963 824 3042 Montepessulam
847 2967 981 3043 perlatus
1006 2961 1080 3023 esti.

337 3251 346 3282 ¹
365 3250 466 3306 Exstat
479 3269 545 3306 vero
558 3252 644 3307 etiem
657 3251 739 3307 hodie
758 3270 859 3307 nomen
869 3252 980 3308 Pithoei
998 3257 1025 3308 et
1045 3254 1074 3306 in
1093 3252 1160 3307 folio
1173 3251 1295 3322 primum
1308 3250 1382 3319 quod

233 3344 410 3394 numeratum
424 3344 466 3394 est
485 3339 660 3394 antecedenti
675 3357 698 3393 r.
709 3339 755 3406 (P.
766 3340 880 3409 Pithon)
899 3344 928 3394 et
946 3340 975 3394 in
992 3341 1093 3395 ultima
1105 3340 1208 3410 pagina
1221 3339 1252 3408 (f.
1265 3339 1325 3406 80')
1338 3338 1381 3390 bis

234 3428 337 3495 (media
358 3427 462 3498 pagina
481 3427 510 3479 iu
528 3444 630 3498 magna
648 3444 746 3482 rasura
763 3429 790 3482 Ρ.
808 3428 927 3483 ΡΙΤΗΕΥ
943 3433 972 3483 et
990 3431 1045 3483 imo
1063 3428 1190 3498 margine
1205 3428 1239 3482 P.
1256 3425 1381 3493 Peteon).

335 3518 346 3550 ²
366 3514 405 3570 Cf.
425 3515 460 3570 de
478 3518 540 3569 tota
557 3515 610 3570 hac
626 3533 657 3570 re
676 3515 708 3570 G.
727 3515 807 3570 Libri
825 3517 926 3571 Notice
945 3518 993 3572 des
1012 3517 1178 3571 manuscrits
1196 3516 1231 3569 de
1249 3513 1381 3582 quelques

234 3604 441 3673 bibliotheques
460 3603 508 3658 des
526 3603 733 3673 departements
752 3604 881 3674 (Journal
894 3606 942 3660 des
956 3605 1075 3661 Savants
1088 3624 1113 3660 a.
1129 3607 1195 3659 1841
1210 3604 1301 3673 p.432
1318 3620 1345 3656 n.
1357 3602 1381 3670 1,

234 3694 288 3746 437
298 3710 347 3762 sq„
367 3695 429 3762 477,
448 3695 509 3760 648,
529 3695 593 3763 6503
622 3712 646 3748 a.
668 3695 736 3748 1842
755 3713 781 3764 p.
795 3697 829 3750 41
850 3700 919 3750 extr.
939 3697 1000 3766 sq.).
1029 3726 1061 3736 -
1092 3695 1222 3750 Codiccm
1239 3693 1314 3748 hunc
1331 3709 1381 3746 un·

236 3799 319 3850 quam
338 3780 471 3836 Bouherii
490 3781 575 3837 fuisse
594 3783 680 3853 (quod
697 3782 820 3838 affirmet
833 3784 946 3839 Iahnius
965 3785 1008 3840 ed.
1021 3785 1080 3840 luv.
1091 3784 1190 3838 minor.
1204 3779 1292 3852 praef.
1306 3796 1333 3849 p.
1344 3779 1381 3849 5),

234 3869 310 3922 baud
330 3869 390 3923 veri
409 3869 499 3924 simile
518 3874 568 3925 est.
595 3871 720 3926 Primum
740 3872 815 3926 enim
833 3873 941 3928 codices
960 3872 1227 3943 Montepessulanos,
1247 3869 1294 3940 qui
1313 3867 1381 3922 olim

233 3955 367 4010 Bouherii
386 3956 509 4026 fuerunt,
536 3958 632 4013 sinon
652 3959 687 4013 ad
707 3976 793 4013 unum
812 3976 915 4028 omnes,
934 3963 962 4014 at
981 3963 1056 4014 certe
1076 3958 1134 4013 iere
1153 3974 1247 4013 omnes
1266 3957 1295 4010 in
1314 3955 1380 4010 folio

232 4042 356 4112 praefixo
381 4045 440 4099 eius
465 4062 566 4100 nomen
589 4051 673 4114 atque
697 4064 854 4114 numerum,
880 4064 961 4116 quem
980 4047 1010 4100 in
1029 4046 1200 4100 bibliotheca
1219 4045 1278 4099 eius
1296 4043 1381 4098 habe·

233 4131 311 4200 bant,
338 4130 422 4187 hodic
446 4134 531 4188 etiam
556 4133 686 4188 exhibere
705 4135 846 4190 Bonnetus
871 4135 940 4189 mihi
964 4134 1089 4203 rettulit;
1119 4134 1176 4189 tale
1194 4150 1261 4188 vero
1279 4133 1309 4186 in
1328 4130 1382 4185 hoc

234 4219 329 4274 codiee
347 4220 419 4274 nihil
439 4221 569 4276 inveniri.
606 4222 714 4277 Deinde
732 4224 781 4292 qui
799 4241 840 4293 ea,
861 4241 931 4293 quae
951 4224 982 4278 G.
1002 4223 1083 4277 Libri
1100 4224 1121 4276 1.
1140 4241 1161 4278 c.
1182 4223 1229 4292 (de
1247 4219 1381 4274 Bouherii

231 4307 312 4362 libris
339 4308 373 4364 cf.
394 4310 479 4364 etiam
502 4310 598 4365 Journ.
618 4311 665 4365 des
684 4310 746 4365 Sar.
766 4328 791 4365 a.
815 4313 881 4366 1841
902 4329 928 4382 p.
948 4311 1013 4382 432)
1036 4312 1070 4366 de
1094 4312 1137 4365 bis
1157 4311 1240 4365 rebus
1259 4306 1380 4376 disserit,

232 4397 394 4466 perlegerit,
413 4397 436 4451 is
454 4397 503 4452 vix
521 4415 600 4468 posse
619 4398 681 4453 fieri
699 4404 855 4470 cognoscet,
873 4404 906 4453 ut
919 4399 1005 4456 codex
1018 4400 1086 4453 olim
1099 4399 1278 4466 Pithocanus‚
1298 4413 1380 4466 quem

231 4487 328 4552 postca
354 4485 429 4540 inter
452 4486 539 4541 libros
563 4487 675 4558 collegii
701 4489 819 4543 oratorii
837 4487 980 4544 Trecensia
1003 4487 1088 4542 fuisse
1111 4491 1227 4557 constet,
1257 4501 1380 4554 uuquam

201 4615 204 4620 .
229 4571 362 4627 Bouherii
383 4572 477 4628 fuerit.
