3234 5038
759 340 794 394 st

199 518 421 591 commentario,
455 517 549 577 altera
572 536 631 592 eos,
665 517 703 576 sd
726 536 800 596 quos
824 535 898 593 qnae
920 516 1070 593 pertinent
1093 515 1208 576 scholia
1229 515 1350 576 Pithos·

199 636 264 692 ann,
288 617 346 675 etsi
366 636 425 676 non
441 617 553 677 eisdem
573 618 675 678 verbis
698 617 820 679 eValla
844 617 1026 692 adferantur,
1048 623 1148 676 tamon
1170 617 1207 675 ab
1224 635 1257 675 eo
1273 616 1351 676 leots

199 721 230 775 et
252 722 396 793 usurpata
429 735 495 776 esse
518 719 607 777 certis
642 723 759 778 constet
789 719 991 794 argumentis3
1024 718 1113 776 tertia
1146 735 1181 776 ea
1212 716 1350 777 indicabo

200 815 323 891 scholis,
347 835 423 894 quae
445 823 475 875 et
497 819 527 876 in
550 809 895 894 ceremonensem.
918 825 947 877 et
969 819 1000 876 in
1016 817 1226 877 commentario
1242 816 1349 876 Veliae

197 917 407 984 inveniuntur;
430 917 461 975 iu
484 923 590 996 quarte
613 937 663 977 eos
686 937 793 995 ponem
815 937 932 993 versus,
962 918 999 976 ad
1023 937 1097 996 quos
1120 917 1211 976 Valla
1230 921 1350 993 praeter

198 1012 396 1074 Pithoeanum
423 1035 534 1076 novum
562 1018 659 1077 adfert
684 1020 990 1097 interpretamentum,
1024 1018 1055 1076 in
1085 1017 1189 1095 quinte
1211 1015 1348 1093 denique,

199 1113 236 1173 ad
268 1134 342 1192 quos
373 1135 449 1193 qnae
477 1118 567 1178 Valla
598 1119 720 1178 exhibet
747 1138 762 1178 e
789 1119 888 1179 Probo
918 1119 1101 1197 deprompta,
1134 1135 1348 1194 usquequaque

198 1214 412 1274 aPithoeanis
435 1215 558 1277 scholiis
581 1223 650 1278 sunt
671 1219 777 1278 alienu.

298 1313 348 1372 Ad
374 1316 429 1376 hos
457 1318 551 1394 igitur
573 1339 679 1381 versus
707 1340 782 1399 quae
809 1322 959 1399 pertinent
985 1320 1101 1381 scholia
1150 1316 1199 1376 Ad
1208 1316 1264 1376 hos
1276 1335 1325 1374 ou·

196 1413 372 1491 Pithoeanu‚
394 1418 425 1476 in
443 1418 551 1478 Vallae
573 1422 784 1481 commentario
1148 1408 1323 1460 tfflnverflus

236 1515 356 1576 desunt:
461 1527 605 1598 usurpata
669 1522 781 1581 eisdem
803 1524 866 1582 fere
931 1527 1075 1598 usurpata
1148 1485 1265 1628 Zfflm
1285 1503 1320 1627 ⁰2

476 1624 591 1678 tautum
679 1622 781 1682 verbis
804 1623 853 1681 ad·
909 1627 961 1681 aut
983 1621 1091 1696 adlato,
1148 1653 1247 1712 Probo
1271 1651 1318 1712 de,

491 1726 573 1780 sunt:
727 1724 801 1782 lato:
907 1722 959 1781 sed
980 1742 1092 1782 novum
1147 1738 1312 1815 prompsit,

925 1820 1072 1881 scholium
1148 1840 1223 1900 quae
1259 1841 1318 1881 non

899 1920 1031 1980 additum
1039 1925 1096 1980 est:
1146 1910 1266 1964 exstent
1286 1905 1318 1964 in

1140 1988 1322 2049 codd.Mont.

1152 2078 1181 2131 et
1203 2071 1309 2148 Sanga

132 2317 136 2328 ·
250 2289 299 2346 III
323 2292 338 2346 1
1176 2290 1226 2348 IH
1249 2293 1264 2348 1
1281 2289 1289 2326 ¹

209 2384 392 2465 (Inscriptio)

294 2771 304 2803 ¹
326 2769 419 2824 Valla:
439 2769 569 2841 Quamuis
587 2768 713 2839 diqressu
730 2769 827 2824 ueteris
844 2770 973 2835 confusus
992 2769 1081 2824 amici.
1100 2771 1131 2826 ds
1151 2772 1227 2826 urbis
1243 2773 1340 2828 iucom-

193 2858 280 2913 modis
299 2864 324 2914 et
343 2859 375 2913 de
394 2873 501 2913 recessu
519 2857 645 2912 umbricii
657 2857 883 2911 locuturusurbis
895 2874 986 2912 remus
999 2858 1217 2914 consuetudinum
1227 2859 1341 2915 detesto-

192 2953 239 3001 tus
256 2947 307 3001 sub
324 2961 443 3014 pcrsoua
461 2943 588 2998 umbrieii
606 2943 688 2998 omisi
707 2944 761 2998 sui.
781 2945 840 2998 Hoc
857 2945 1139 3014 interpretamentum
1159 2947 1227 3000 satis
1246 2948 1339 3003 incon·

194 3035 307 3090 cinnum
326 3051 342 3088 a
356 3033 437 3088 Valla
456 3032 607 3088 conflatum
626 3049 685 3086 esse
697 3033 809 3086 videtur
822 3050 856 3087 ex
869 3033 1061 3102 inscriptione,
1080 3051 1135 3102 que
1148 3036 1234 3090 tertia
1244 3040 1340 3092 satura

191 3123 221 3176 in
240 3123 334 3177 codice
352 3122 438 3177 Probi
457 3122 594 3175 instructa
623 3125 691 3185 erat,
722 3115 805 3189 atque
830 3139 863 3175 cx
888 3122 980 3190 primo
1006 3123 1065 3176 eius
1084 3123 1198 3177 scholio.
1235 3123 1340 3178 Similis

192 3211 266 3264 enim
284 3210 366 3264 huius
385 3215 498 3265 saturae
510 3210 611 3264 titulus
625 3210 679 3278 (De
697 3210 777 3262 inuiis
795 3210 884 3274 urbis)
903 3214 995 3264 exstat
1014 3212 1043 3264 in
1062 3211 1121 3265 cod.
1132 3210 1340 3266 vindobonensi

192 3315 235 3351 nr.
255 3298 315 3352 cxi
327 3298 421 3366 Enii,
442 3315 524 3367 quem
543 3299 599 3352 iam
617 3299 893 3352 commemoravimus
911 3316 938 3367 p.
952 3301 987 3352 24
1003 3317 1030 3352 n.
1044 3303 1069 3359 3,
1089 3302 1173 3368 atque
1185 3299 1338 3367 Rupertius

127 3372 129 3378 ¹
191 3386 261 3455 (Iuv.
281 3405 306 3440 v.
326 3386 382 3455 Ip.
404 3389 466 3454 177)
490 3404 505 3441 e
528 3386 620 3442 neseio
643 3387 744 3455 quibus
761 3386 903 3441 codicibus
923 3389 973 3440 hos
992 3387 1089 3441 titulos
1108 3386 1212 3441 adfert:
1256 3388 1337 3442 Urbis

190 3473 363 3529 incommodo.
383 3503 418 3514 —
435 3475 479 3530 De
497 3474 672 3530 incommodis
690 3475 772 3530 Urbis
778 3495 787 3542 ;
807 3476 946 3543 imprimis
965 3479 1057 3530 sutem
1073 3475 1106 3529 cf.
1126 3475 1335 3544 inscriptionem

191 3562 293 3616 tertiae
305 3566 425 3630 saturae,
444 3580 515 3630 quae
535 3563 640 3634 legitur
657 3564 686 3615 in
705 3563 799 3618 codice
811 3563 956 3618 Nicaeensi
969 3581 1038 3618 saec.
1049 3564 1112 3632 XII,
1131 3563 1166 3617 de
1179 3580 1234 3632 quo
1247 3581 1337 3632 nuper

190 3650 302 3704 rettulit
327 3650 354 3704 C.
374 3650 506 3704 Beldsms
529 3651 560 3704 in
578 3650 674 3705 Revue
693 3651 727 3705 de
745 3652 898 3722 philologio
916 3671 941 3705 v.
961 3652 999 3705 VI
1019 3653 1054 3718 (a.
1076 3652 1157 3722 1882)
1175 3670 1202 3721 p.
1216 3655 1251 3707 76
1262 3671 1336 3724 sqq:

191 3737 234 3792 Dc
251 3737 330 3792 Urbis
341 3737 515 3792 incommodis
527 3743 552 3792 et
564 3738 689 3808 diprsssu
705 3739 833 3794 Umbrits'i
851 3777 857 3790 .
879 3779 885 3792 .
907 3781 913 3793 .
934 3782 939 3793 .
959 3740 1065 3794 Dubito
1076 3745 1180 3809 cutem,
1194 3759 1230 3796 an
1242 3742 1336 3796 huius·

190 3825 266 3879 modi
291 3826 377 3880 fuerit
397 3830 509 3881 saturae
527 3827 628 3881 titulus
651 3828 782 3896 antiquus
806 3832 834 3881 et
857 3829 1007 3898 genuinum
1039 3829 1074 3882 oi.
1094 3829 1178 3884 schol.
1207 3830 1281 3883 Pith.
1301 3830 1337 3884 ad

189 3913 231 3966 III
249 3915 314 3966 315:
332 3921 456 3982 potarum
474 3921 499 3970 st
518 3915 576 3969 ulio
593 3914 761 3969 iucomuwdo
778 3916 856 3969 urbis
869 3917 967 3984 dicere,
985 3917 1044 3970 uisi
1056 3917 1193 3971 cuimoiio
1211 3934 1338 3973 mesoca-

189 4010 256 4058 rsut.
285 4005 364 4057 Illius
383 4003 455 4056 enim
475 4002 673 4071 inscriptionis,
694 4019 764 4070 quae
782 4003 811 4054 in
830 4002 889 4056 cod.
906 4003 995 4057 Mont.
1008 4021 1050 4072 pr.
1063 4022 1100 4057 m.
1112 4006 1217 4074 scripte
1230 4005 1335 4076 legitur

188 4091 289 4160 (Quoue
311 4091 464 4146 Umbricius
483 4092 573 4146 urbem
593 4091 717 4158 deserui),
737 4091 798 4160 ipsa
817 4090 907 4144 forma
920 4109 936 4146 s
950 4092 1049 4146 ceteris
1068 4097 1227 4147 saturarum
1246 4093 1337 4147 titulis

189 4178 336 4248 discrepat.
369 4178 511 4233 Posterior
539 4196 604 4232 vero
634 4197 700 4248 pars
726 4179 970 4247 interpretamenti
994 4179 1116 4233 Valliani
1145 4180 1249 4234 eisdem
1277 4179 1336 4234 fere

187 4267 281 4320 verbis
306 4268 335 4320 in
361 4267 420 4321 cod.
442 4267 520 4321 Leid.
545 4267 615 4321 bibl.
637 4267 713 4335 publ.
736 4285 777 4320 nr.
797 4267 832 4319 82
853 4271 961 4335 exstat3
989 4268 1018 4320 in
1047 4285 1102 4336 quo
1130 4268 1166 4322 ad
1193 4286 1219 4322 v.
1241 4272 1252 4320 1
1284 4269 1337 4322 hoo

189 4355 362 4423 adscriptum
382 4360 425 4409 est
443 4354 593 4410 scholium:
630 4355 707 4410 Urbis
735 4371 825 4410 somus
851 4358 1079 4412 souuersucioucm
1108 4356 1257 4411 detestatur
1284 4358 1334 4411 sub

183 4457 304 4511 persona
322 4443 448 4498 umbricii
465 4446 511 4499 sui
531 4445 621 4498 amici.
659 4445 716 4499 Hic
742 4445 811 4500 euim
841 4445 902 4499 ostio
919 4447 997 4500 urbis
1026 4447 1057 4500 in
1079 4446 1225 4514 compassio
1240 4445 1336 4513 posuit

185 4532 270 4586 turon
288 4531 337 4585 ubi
353 4532 506 4587 vaticinata
524 4537 563 4588 cst
581 4533 688 4602 sybilia.
