3234 5038
765 359 800 411 57

207 534 268 592 308
291 533 374 610 prius

292 632 385 693 sohol.
705 635 765 693 308
782 635 867 694 alter.

764 735 857 796 schol.
869 733 876 769 ¹

209 835 271 892 310

209 1035 269 1093 313

209 1233 268 1293 315

209 1335 268 1393 316
328 1367 330 1371 -

209 1435 269 1493 317

209 1535 268 1594 319

209 1637 270 1695 320

209 2118 356 2127 .-ὴ

497 2141 544 2201 IV
568 2144 583 2200 l

446 2220 645 2304 (inseripti0)⁷

457 2393 475 2450 2
487 2392 616 2468 primum

252 2471 402 2549 areaque
493 2472 607 2535 εοὴοΙ.8

290 2555 396 2616 soholl.

208 2783 301 2840 tooatn‘e
318 2801 337 2839 a
356 2785 445 2841 solitis
463 2785 554 2854 inanit
572 2786 641 2842 teoto
662 2786 783 2855 quotiens
801 2787 970 2855 ametantnr
986 2803 1090 2841 romam
1108 2788 1188 2857 qnasi
1210 2787 1247 2842 aa
1269 2792 1357 2842 certae

205 2871 399 2940 praedationes
416 2874 583 2942 oonfnyiant.

310 2961 320 2992 ¹
339 2960 432 3014 Valle:
456 2962 598 3030 Tanquam
617 2961 653 3016 mt
671 2960 785 3016 oioaria.
805 2961 843 3016 ad
857 2967 976 3032 paratos
990 2968 1098 3032 poetae.

292 3113 295 3119 Ι
310 3049 321 3081 ²
339 3049 432 3104 Valla:
453 3047 515 3119 Qna
528 3079 560 3088 -
575 3050 711 3105 cathenae.
726 3066 779 3120 pro
797 3067 905 3106 reorum
923 3051 1011 3121 copta.
1039 3050 1081 3106 Of,
1099 3051 1184 3108 sohel.
1203 3052 1261 3108 aod.
1279 3051 1356 3106 Voss.

209 3153 249 3189 nr.
263 3138 309 3192 18:
327 3138 454 3205 fornace:
476 3139 566 3192 Tanta
585 3117 624 3192 eit
642 3137 733 3207 inquit
751 3155 856 3194 reorum
874 3138 1018 3193 multitado
1036 3142 1087 3194 eto.

309 3225 319 3257 ⁸
338 3225 434 3280 Velle:
454 3227 499 3281 Ne
517 3241 625 3281 marrae
642 3231 668 3282 et
685 3227 803 3282 aaronem.
821 3226 989 3293 ferramenta
1009 3228 1113 3283 nuntiat
1133 3267 1245 3283 .....

309 3310 433 3368 ⁴Vallo:
463 3313 521 3369 Uno
549 3319 701 3370 contentam
730 3331 835 3370 ramere
858 3331 972 3370 romam.
1000 3315 1214 3370 subaudiendam
1241 3314 1357 3370 tattiano

210 3399 289 3454 onina
308 3405 333 3454 et
351 3399 490 3454 Satnetiae
508 3400 629 3456 meminit
648 3418 667 3456 a
683 3403 752 3457 tatto
769 3418 830 3471 reae
847 3403 886 3458 oio
904 3403 1049 3472 appellato.

310 3485 433 3542 ⁵Vella:
453 3489 501 3544 Me
519 3505 620 3558 quoqne
638 3489 675 3544 aa
692 3490 825 3545 tetoinam
844 3505 962 3546 cererem.
981 3490 1055 3545 mmm
1074 3494 1113 3544 est
1130 3488 1160 3542 n'n
1177 3488 1280 3558 aaltia:
1310 3489 1358 3559 qni

209 3574 437 3646 staupponem:
464 3582 496 3632 nt
514 3577 620 3632 Peooas
638 3577 741 3632 sarmit.
761 3577 905 3632 ef.soh01.
927 3578 987 3632 cod.
1007 3577 1084 3632 Voss.
1112 3595 1155 3630 nr.
1177 3579 1222 3631 18:
1252 3577 1359 3632 Etm'na

211 3679 296 3718 aeres:
319 3664 395 3719 toene
420 3670 460 3719 eet
487 3664 518 3718 in
534 3665 627 3735 qaltiio
645 3665 691 3720 nbi
709 3665 771 3720 otim
793 3666 929 3720 aotetatnr
947 3681 1017 3721 aereo
1036 3670 1059 3720 et
1078 3665 1145 3734 qnia
1162 3665 1265 3734 aquino
1283 3664 1357 3720 eimi-

211 3751 273 3808 liter
291 3753 425 3808 ootmatnr
441 3768 510 3808 aereo
528 3753 589 3809 ideo
607 3753 677 3808 ittna
696 3753 825 3822 oppidum
843 3754 960 3808 etoinnm
979 3769 1092 3809 cererem
1110 3755 1239 3823 appellat.

311 3840 433 3896 “Vallem
454 3839 575 3896 Ooneelte
593 3857 609 3895 a
629 3841 723 3896 onmis.
743 3858 760 3896 a
779 3841 864 3896 onmis
882 3841 990 3898 adnoea.
1023 3841 1063 3896 Of.
1083 3843 1165 3912 gloss.
1184 3841 1276 3897 interl.
1297 3841 1356 3897 aod.

211 3928 286 3984 Voss.
306 3947 349 3984 nr.
370 3929 416 3983 18:
434 3930 558 3986 nonnette:
576 3945 699 3984 convoca.

310 4020 319 4050 ⁷
340 4017 432 4072 Valle:
446 4017 518 4073 ane
530 4047 561 4057 -
572 4017 718 4073 vocandae.
732 4017 780 4072 Aa
789 4023 893 4089 partes.
904 4017 936 4072 de
946 4018 1065 4086 crispino
1075 4017 1160 4086 piaris
1170 4016 1358 4087 maynitnctine

211 4096 410 4174 domitianiqne
431 4107 595 4176 ternporttne
613 4105 705 4160 scribit
727 4107 758 4160 in
777 4108 828 4161 ttae
846 4111 945 4177 satyra
964 4146 970 4160 .
991 4147 998 4160 .
1018 4147 1050 4160 ..
1075 4135 1107 4176 7-
1133 4105 1246 4160 Monere
1274 4103 1357 4158 lioeot

209 4193 255 4248 hio
273 4211 323 4248 nos
341 4193 459 4248 deficere
477 4194 582 4249 scholio
597 4194 746 4249 Leidensia
764 4199 862 4264 utpote
880 4195 1013 4250 haetenus
1033 4199 1144 4248 tantum
1163 4189 1255 4248 edita(

310 4281 383 4335 ⁸Ex
402 4285 463 4336 tote
482 4282 651 4337 scholiorum
678 4282 895 4352 lemmatumque
923 4283 1037 4338 oonfuon
1057 4282 1194 4352 congerie,
1224 4297 1294 4350 quae
1321 4282 1358 4336 ad

210 4368 315 4438 primos
334 4369 404 4424 daos
425 4386 519 4426 versus
539 4371 680 4441 adscripta
699 4375 741 4427 eet
759 4372 789 4424 in
807 4372 886 4427 oodd.
906 4371 995 4426 Mont.
1019 4376 1056 4426 et.
1076 4371 1168 4440 Sang„
1187 4368 1268 4424 Velle
1286 4369 1357 4422 nihil

210 4456 323 4510 exhibet
347 4457 401 4510 nisi
419 4457 501 4514 haee:
519 4459 567 4514 Aa
585 4465 687 4529 pantes.
706 4459 920 4514 onbandiemtnm
937 4459 1027 4528 operis
1046 4459 1096 4513 mei
1114 4462 1190 4535 eteet
1199 4457 1357 4524 metaphora

208 4561 226 4598 a
245 4544 379 4600 comoedis
399 4551 494 4602 tracta.
533 4547 567 4600 In
585 4547 671 4602 Probi
700 4548 788 4618 igitur
817 4547 910 4602 codiee
939 4553 988 4600 eut
1017 4546 1121 4601 scholia
1140 4545 1175 4600 ad
1194 4563 1237 4600 vv.
1261 4548 1272 4598 l
1293 4547 1357 4599 et2
