3234 5038
813 347 829 398 'I

248 519 396 594 Apollini,
424 523 502 582 Nisa
523 523 633 583 Libero
659 525 844 582 consecratus
865 526 916 582 est.
939 522 1126 599 -Legitur
1149 523 1179 581 in
1202 521 1286 582 codd.
1307 522 1396 583 Voss.

247 641 291 681 nr.
317 621 355 680 18
378 628 408 681 et
429 643 474 682 nr.
498 625 537 681 64
559 623 632 683 bibl.
655 623 738 700 publ.
761 643 806 682 nr.
829 624 878 681 82.

348 722 441 782 schol.
457 723 494 782 ad
507 722 587 784 VIII
599 725 632 782 3:
653 722 774 784 Aemilii
795 725 904 783 nobiles
926 728 953 783 et
974 725 1164 798 triumphales
1185 726 1243 784 ciri
1264 725 1397 799 suerunt,

247 826 325 883 unde
352 827 466 884 statuae
498 841 596 884 earum
628 841 735 883 currus
761 823 912 884 habebant.
935 854 976 863 —
998 823 1124 900 Legitur
1146 826 1176 883 in
1199 823 1283 883 codd.
1306 825 1395 885 Voss.

247 942 291 983 ur.
315 925 353 983 18
378 929 408 982 et
428 943 472 982 nr.
497 925 536 982 64
559 923 634 984 bibl.
654 924 737 1000 publ.
758 943 802 982 nr.
827 925 867 984 82
876 921 895 983 ¹.

347 1004 796 1084 1000000104ιοοΜ
827 1024 967 1084 usuum
997 1025 1069 1084 000
1100 1026 1145 1084 oei
1177 1028 1317 1086 cucuron
1338 1016 1395 1100 (cu

247 1124 310 1183 cod.
324 1119 431 1199 Mont.)
454 1125 593 1183 detritum
616 1142 634 1183 u
654 1128 754 1185 statua
773 1125 817 1184 uel
839 1126 908 1198 quia
931 1119 987 1200 (sic
1011 1119 1087 1199 0001.)
1110 1125 1143 1183 in
1158 1126 1274 1198 praelio
1292 1141 1398 1184 nasum

247 1275 345 1332 emnil
365 1278 392 1333 et
413 1274 477 1334 ideo
499 1275 594 1334 adduc
616 1275 648 1332 in
668 1277 768 1333 statuo
788 1275 897 1347 absque
918 1292 990 1334 noso
1014 1228 1226 1348 ercdlmdibielns
1241 1268 1396 1348 (siccod.).

349 1371 500 1434 durarem
522 1375 666 1435 auriculis
686 1377 732 1434 uel
751 1376 897 1434 mutilatis
917 1376 950 1434 in
970 1379 1079 1448 statua,
1101 1375 1146 1434 cel
1167 1375 1238 1449 quio
1259 1373 1311 1433 loc
1331 1374 1397 1433 sub·

245 1474 335 1548 nlicio
358 1469 415 1547 (sic
437 1470 514 1548 cod.)
538 1477 658 1548 affectus
679 1479 721 1534 est
738 1518 745 1532 .
761 1493 832 1535 nam
853 1479 1008 1548 antequam
1030 1476 1065 1534 ab
1089 1474 1198 1534 Othone
1219 1457 1398 1534 occideretur

247 1579 398 1635 truncatae
418 1581 488 1635 sunt
511 1579 538 1635 ei
558 1594 648 1637 recres
668 1581 695 1637 et
716 1593 811 1635 aures.
837 1604 875 1615 -
898 1574 1010 1633 Iisdem
1032 1575 1095 1633 iere
1110 1574 1220 1634 litteris
1235 1579 1395 1651 utrumque

248 1674 394 1736 scholium
418 1683 517 1736 exstat
538 1678 569 1735 in
592 1676 676 1736 codd.
690 1677 779 1737 Voss.
801 1696 845 1735 nr.
860 1678 898 1735 18
914 1677 1053 1735 010064
1073 1675 1147 1733 bibl.
1169 1675 1251 1752 publ.
1275 1695 1319 1734 nr.
1331 1673 1395 1734 82¹.

346 1777 439 1837 schol.
461 1777 498 1836 ad
520 1778 647 1837 vnio:
673 1779 783 1851 Lepidi
818 1778 992 1837 nobilissimi
1022 1777 1153 1848 sumunt.
1187 1777 1268 1853 quid,
1290 1778 1396 1851 inquit,

246 1878 369 1950 prodest
384 1877 565 1950 Lepidorum
581 1884 695 1939 statuas
710 1882 828 1954 eripere,
854 1882 881 1938 si
902 1880 984 1938 mdla
1007 1881 1048 1938 eis
1069 1880 1234 1938 reuerentia
1254 1880 1395 1948 coibatur,

246 1976 298 2035 scd
319 1977 421 2049 turpia
442 1994 570 2051 quaeque
593 1996 692 2039 coram
716 1980 758 2039 eis
777 1983 915 2053 acuatur.
940 2009 977 2018 —
1001 1979 1159 2038 InvenItur
1167 1979 1198 2036 iu
1210 1978 1294 2038 codd.
1305 1978 1395 2037 Voss.

247 2095 290 2133 nr.
317 2077 354 2134 18
378 2082 407 2135 el
428 2095 473 2134 nr.
498 2074 564 2134 64².

348 2176 440 2236 schol.
464 2177 499 2236 ad
518 2178 595 2239 VIII
609 2179 683 2238 172:
703 2177 734 2238 S.
757 2181 777 2237 i.
801 2179 828 2237 si
848 2180 892 2238 cis
912 2179 997 2238 illum
1020 2179 1146 2252 leuatum
1167 2194 1227 2237 esse
1249 2181 1276 2236 el
1297 2176 1396 2250 aliquo

249 2277 384 2352 diripere.
410 2308 442 2318 -
470 2278 580 2337 Exstat
601 2279 632 2337 in
655 2279 738 2338 codd.
761 2279 851 2339 Voss.
874 2299 918 2338 nr.
940 2281 979 2338 18
1004 2284 1033 2338 et
1052 2298 1097 2338 nr.
1121 2279 1171 2337 64.

348 2375 442 2436 schol.
468 2379 505 2436 ad
526 2379 556 2437 X
571 2380 643 2437 122:
672 2380 718 2439 hic
742 2397 843 2439 uersus
867 2381 942 2440 male
967 2381 1142 2453 compositus
1168 2382 1210 2439 est
1240 2376 1395 2438 Ciceronis.

246 2481 273 2536 el
300 2481 341 2536 est
366 2481 579 2552 cacemnbuton.
609 2480 680 2540 dicit
701 2496 779 2554 crac,
812 2482 839 2539 si
862 2478 962 2540 Cicero
983 2481 1027 2539 nil
1052 2476 1108 2556 (sic
1131 2480 1194 2539 cod.
1220 2472 1326 2554 Moci.)
1343 2492 1395 2550 pe·

350 2784 360 2816 ¹
381 2782 422 2837 cf.
442 2781 539 2852 Gigch.
560 2801 655 2852 appar.
675 2783 735 2837 crit.
756 2783 791 2836 cd
810 2783 869 2838 luv.
889 2802 916 2852 p.
929 2785 971 2838 21.

347 2872 358 2903 ²
377 2869 488 2924 Scholia
507 2869 542 2923 ad
561 2869 628 2923 VIII
647 2873 672 2924 3.
693 2873 717 2922 4.
739 2873 756 2924 9
775 2888 861 2939 supro
881 2871 976 2925 adlata
994 2876 1079 2939 atque
1097 2889 1138 2939 ea,
1160 2886 1231 2939 quae
1248 2871 1394 2939 praelerea

247 2959 330 3012 initio
352 2958 434 3012 huius
458 2962 570 3013 saturae
594 2958 714 3012 secunda
733 2975 831 3012 manus
850 2958 904 3028 (Si)
923 2959 1033 3014 addidit
1051 2958 1197 3012 -addidit
1215 2961 1309 3011 sutem
1327 2957 1396 3012 haec

247 3065 357 3116 quoque
383 3047 642 3115 interpretamenta,
671 3065 742 3116 quae
771 3051 799 3102 et
826 3049 888 3117 ipsa
916 3053 1025 3103 exstare
1050 3048 1080 3101 in
1110 3046 1189 3101 codd.
1212 3046 1395 3100 Leidensibus

245 3139 366 3190 testatur
377 3135 510 3206 Gigchius
521 3135 539 3188 l.
549 3152 571 3189 c.
584 3152 611 3203 p.
626 3138 671 3188 21:
693 3135 757 3190 Hoc
775 3141 873 3206 satyra
889 3135 921 3190 de
934 3136 1116 3206 qenerositote
1128 3135 1258 3189 nobilium
1272 3133 1395 3202 disputat

136 3209 156 3240 ⁶
246 3223 338 3278 dicens
353 3224 423 3279 nibil
434 3240 490 3278 esse
502 3223 670 3277 mobilitatem
681 3222 785 3291 cornis,
804 3223 863 3277 nisi
875 3224 938 3292 quis
951 3224 1119 3278 nobilitatem
1131 3223 1229 3278 mentis
1242 3224 1273 3276 in
1290 3239 1394 3276 mmmm

242 3313 383 3380 probitate
401 3311 548 3366 seruaverit
560 3311 670 3376 (dextro
685 3312 830 3381 margine).
844 3342 877 3350 -
892 3312 1031 3381 Loquitur
1049 3311 1088 3366 ad
1106 3311 1239 3382 quendam
1251 3309 1396 3365 Ponticum

245 3400 402 3455 Rubellium
420 3399 571 3467 Blandum,
598 3399 646 3466 qni
663 3415 720 3454 enm
741 3400 858 3468 turpiter
877 3401 973 3456 maeret
992 3401 1114 3455 iactabat
1133 3415 1210 3453 suam
1229 3397 1396 3451 mobilitatem

246 3487 372 3557 (sinistro
391 3487 537 3558 margine).
563 3518 595 3526 —
620 3488 689 3543 haec
712 3489 742 3541 in
766 3489 825 3544 cod.
843 3489 932 3544 Mont.
955 3490 1061 3544 receuti
1082 3493 1207 3558 tempore
1234 3485 1314 3539 lineis
1337 3488 1395 3538 ira·

246 3577 338 3631 ductis
362 3576 454 3631 deleta
477 3580 549 3630 sunt.
587 3576 764 3630 Verisimile
787 3577 875 3647 igitur
899 3581 941 3631 ecl
960 3577 1016 3631 iam
1034 3575 1183 3630 Pithoeum
1203 3574 1272 3627 haec
1291 3571 1395 3627 scholia

247 3662 394 3716 deterioris
407 3668 561 3718 cosenciae
574 3665 750 3735 cognovisse;
769 3665 804 3720 cf.
819 3683 890 3734 quac
909 3665 979 3719 dicit
997 3665 1027 3717 in
1039 3657 1208 3717 ‘monendis'
1224 3677 1308 3730 supra
1321 3660 1357 3729 (p.
1368 3660 1395 3727 4)

246 3751 481 3806 commemoratis:
519 3754 599 3821 ‘quin
622 3759 647 3808 et
670 3753 700 3807 in
721 3753 838 3822 antiquo
862 3753 1011 3822 eaemplari
1034 3767 1114 3820 saepe
1137 3767 1177 3805 me
1199 3750 1233 3804 ab
1258 3747 1340 3802 initio
1362 3763 1396 3803 en

245 3841 400 3908 uinrqinnm
425 3840 582 3896 diuersitate
613 3841 871 3909 interpretationum
898 3842 978 3896 etiam
1007 3839 1187 3896 dicacitatem
1212 3842 1322 3893 notasse
1345 3852 1396 3891 me·

245 3927 326 3980 mini:
359 3943 440 3995 qnam
463 3934 555 3984 tamem
573 3929 604 3982 in
628 3929 679 3984 dcc
703 3928 817 3984 editione
844 3933 1048 3997 repraesentare
1078 3942 1162 3995 neque
1187 3925 1275 3994 potui,
1303 3941 1395 3994 mone,

247 4014 350 4083 opinor,
370 4014 451 4069 debui
457 4018 471 4068 ².
508 4016 610 4071 Omisit
629 4034 695 4072 vero
714 4019 743 4071 in
762 4036 812 4073 sua
831 4017 998 4072 scholiastae
1016 4015 1253 4085 Montepessulaui
1272 4014 1395 4068 editione

246 4107 276 4157 ct
294 4104 343 4158 illa
361 4103 467 4158 scholis
486 4110 514 4159 et
534 4110 700 4173 ceterorum,
729 4125 799 4175 quae
818 4124 871 4160 sec.
891 4124 928 4160 m.
946 4104 1044 4158 addita
1065 4108 1138 4172 sunt,
1161 4103 1313 4158 maximam
1332 4118 1394 4171 par·

246 4195 310 4246 tem.
347 4192 469 4246 Exstant
493 4210 526 4245 cx
551 4194 607 4246 illis
630 4194 660 4246 in
679 4195 738 4248 eius
760 4196 882 4249 editione
907 4196 976 4249 haec
994 4198 1116 4248 tantum:
1147 4190 1394 4248 0011011001132.

246 4279 297 4335 VII
317 4281 359 4335 20.
381 4280 407 4334 X
429 4283 487 4334 122.
507 4280 560 4334 XII
578 4283 626 4350 853
658 4283 706 4336 sed
730 4283 765 4337 ad
791 4284 843 4337 hoc
869 4289 1040 4353 postremum
1060 4281 1191 4337 Pithoeus
1215 4280 1245 4332 iu
1268 4279 1342 4332 notis
1365 4277 1394 4330 iu
1506 4267 1512 4284 '

246 4373 301 4422 vet.
320 4369 405 4423 schol.
425 4369 548 4424 Iuvensl.
568 4371 697 4425 adnotat:
721 4372 818 4426 Molles
836 4372 922 4442 socos)
942 4373 979 4425 In
996 4377 1044 4426 net.
1063 4371 1123 4426 cod.
1141 4375 1205 4424 sunt
1223 4369 1393 4422 1000000000-

248 4455 329 4510 tioris
346 4457 506 4528 scriptumne.
543 4458 588 4512 Ex
608 4459 835 4514 interlinearibus
855 4463 948 4515 autem
966 4459 1025 4514 eod.
1047 4459 1136 4512 Mont.
1154 4455 1262 4526 glossis,
1281 4453 1316 4507 de
1335 4453 1394 4521 qui·

250 4544 301 4597 bus
319 4544 403 4612 paulo
423 4545 497 4600 inira
518 4565 642 4618 agemus,
660 4548 735 4603 haud
755 4566 857 4617 paucas
880 4549 909 4602 in
927 4548 1095 4602 scholiorum
1114 4560 1260 4599 numerum
1280 4541 1386 4610 reecpit
