3234 5038
806 301 842 353 40

274 477 313 536 34
321 476 450 537 alterum

343 576 435 636 schol.
731 580 770 637 36
804 579 888 654 prius

274 678 313 736 36
322 676 450 736 alterum
792 677 884 737 schol.
897 674 907 712 ¹
1173 667 1256 752 36(?)
1270 674 1398 734 alterum

340 776 434 836 schol.
731 774 796 838 37²
1286 769 1397 834 schol.¹

251 1149 448 1158 ....-.--——-

354 1257 475 1312 ¹Vella:
503 1258 544 1312 Et
572 1273 644 1312 aereo
658 1257 765 1326 pollice.
791 1256 907 1323 soricem
935 1257 1086 1312 immutata.
1123 1258 1155 1311 In
1185 1258 1273 1314 Probi
1304 1259 1398 1314 codice

251 1345 337 1399 fuisse
356 1347 480 1401 videtur:
511 1345 529 1399 i.
544 1351 652 1400 matete-
668 1345 793 1412 fortuna,
824 1350 856 1399 ut
878 1350 970 1401 exstat
988 1346 1018 1400 in
1041 1347 1101 1400 cod.
1120 1347 1197 1401 Voce.
1216 1365 1259 1401 nr.
1282 1349 1322 1400 18.
1341 1348 1396 1402 Pro

251 1434 341 1488 altero
359 1451 425 1488 vero
445 1433 597 1487 Pithoeano
617 1432 653 1487 ed
671 1432 698 1485 h.
717 1433 736 1485 l.
764 1432 869 1487 scholio
888 1432 970 1487 Valle
989 1433 1058 1486 haec
1076 1433 1202 1488 exhibet:
1233 1433 1263 1487 id
1282 1439 1323 1488 est
1342 1435 1397 1488 ioco

250 1521 425 1591 imperatorio
453 1520 554 1576 occidit
581 1520 750 1590 aladiatoree
779 1519 888 1588 exponit
913 1521 1022 1574 Probae
1052 1537 1112 1575 cam
1135 1522 1221 1589 paud)
1240 1528 1303 1577 cate
1321 1522 1398 1576 iatra

251 1609 434 1680 elediatoram
451 1608 549 1676 ficisset
566 1625 718 1676 aumerm
747 1607 782 1662 cf.
809 1607 946 1678 Schopeni
965 1609 1059 1663 adnot.
1092 1611 1109 1664 l.
1129 1626 1151 1663 c·
1180 1627 1208 1678 p.
1240 1611 1301 1664 350.
1338 1610 1399 1665 Hoc

252 1699 532 1767 interpretamentum
553 1701 648 1750 utrum
666 1696 758 1750 verbis
778 1715 793 1750 a
812 1695 894 1750 Valla
922 1697 1036 1751 mutatis
1066 1715 1099 1752 ex
1118 1697 1275 1752 Pithoeeno
1304 1703 1398 1752 ortum

252 1787 297 1851 ait,
316 1802 485 1855 enprorsus
504 1785 634 1852 alienum,
661 1801 717 1838 non
746 1785 835 1839 ausim
854 1785 1016 1853 decernere;
1046 1784 1080 1840 cf.
1100 1790 1195 1839 tamen
1215 1786 1298 1840 schol.
1319 1786 1397 1840 codd.

252 1873 330 1928 Voce.
348 1892 391 1927 nr.
411 1875 444 1926 18
463 1877 492 1927 et
510 1873 559 1927 64:
580 1915 586 1926 .
606 1913 612 1926 .
633 1915 638 1926 .
659 1871 708 1927 icoc
729 1871 799 1927 caim
816 1873 925 1942 ciceiam
943 1879 981 1928 eet
1000 1873 1079 1942 (erat)
1108 1873 1222 1928 editoris
1245 1890 1304 1929 cam
1324 1875 1398 1930 iubet

252 1964 368 2031 ediquem
385 1961 479 2017 occidi.
504 1962 552 2016 isti
565 1961 657 2030 inquit
674 1976 740 2029 quos
756 1977 828 2016 nanc
844 1961 957 2016 editores
975 1978 1115 2016 marterum
1128 1962 1249 2017 videmos
1263 1961 1397 2030 qnondam

250 2050 417 2121 yiadiatores
436 2056 460 2104 et
479 2049 603 2104 arenarii
622 2050 734 2116 sucrum
736 2087 849 2102 .....

353 2140 363 2170 ²
382 2136 476 2192 Vella:
498 2137 682 2206 Populariter.
699 2137 808 2212 facente
822 2137 930 2205 popolo.

352 2226 364 2258 ⁸
381 2225 506 2280 Diversis
525 2225 625 2294 quibus
643 2225 690 2279 hic
708 2225 784 2278 locus
800 2224 971 2292 (Ooadrocaat
988 2224 1100 2294 sorices)
1116 2225 1274 2294 explicatur
1288 2225 1398 2280 scholiis

252 2316 327 2368 inter
346 2331 374 2368 se
393 2314 561 2383 comparatis
581 2314 686 2382 optime
705 2314 890 2383 cognoscitur,
910 2331 981 2382 quae
999 2314 1073 2368 inter
1095 2313 1174 2367 varia
1192 2313 1221 2365 in
1240 2313 1398 2367 Iuvenalem

253 2405 410 2458 commenta
428 2401 585 2456 intercedat
612 2402 685 2455 ratio
714 2406 798 2469 atque
818 2401 954 2455 adfinitas.
984 2401 1160 2470 Quapropter
1180 2420 1251 2471 quae
1269 2402 1339 2455 mihi
1357 2401 1397 2454 in·

254 2495 408 2544 notuerunt
427 2489 507 2544 adh.
527 2489 544 2542 1.
564 2489 669 2544 scholia
689 2489 769 2542 iuxta
787 2489 940 2556 composita
960 2488 1086 2542 conferre
1105 2489 1174 2542 mihi
1195 2490 1286 2544 liceat.

201 2594 386 2652 Schol.Pith.:
465 2593 558 2648 Valle:
637 2591 702 2645 eod.
722 2591 800 2645 Leid.
843 2591 928 2646 Codd.
947 2592 1024 2646 Voss.
1085 2591 1198 2646 Glossae
1293 2592 1405 2651 Gloseee

635 2663 704 2717 bibl.
723 2663 800 2732 publ.
833 2681 874 2716 nr.
889 2664 922 2716 18
934 2667 962 2717 et
982 2664 1028 2716 64:
1068 2662 1211 2717 Parisinae
1268 2663 1431 2723 Nicaeenses

613 2739 615 2834 t
660 2753 703 2788 nr.
722 2736 771 2789 82:
1054 2734 1100 2802 (cf.
1119 2753 1146 2804 p.
1166 2735 1225 2804 29):
1283 2735 1319 2802 (v.
1332 2754 1416 2808 supra

612 2839 615 2885 Ι
1251 2823 1279 2874 p-
1299 2809 1333 2862 37
1351 2829 1377 2863 n.
1399 2811 1439 2881 ni

222 2906 383 2962 Ooadcceat
435 2889 615 2964 Ooadccaat'
1033 2893 1035 2917 ¹

232 2993 369 3063 [sericas]
453 2997 564 3065 sericae
868 2991 989 3057 sericas:
1070 2989 1203 3044 Ptoricec
1294 2995 1404 3064 sori'cae,

237 3087 364 3138 stercora.
1039 3076 1117 3132 idest
1127 3082 1237 3140 storeae,
1468 3103 1488 3132 ι

200 3170 247 3225 hoc
260 3175 299 3225 cst
312 3169 391 3224 aecti-
847 3174 935 3242 scrire
947 3174 1012 3228 dici·
1054 3205 1220 3275 Puryandas

275 3259 330 3328 W·
825 3247 1029 3382 atti-itt.
1079 3293 1198 3348 latriae

842 3405 890 3442 cas
901 3388 1018 3442 dicimus
1118 3383 1157 3436 vol

453 3465 567 3520 cloacae.
875 3477 982 3531 cloacas
1079 3471 1194 3525 cloacas.
1295 3469 1409 3524 cloacae.

859 3565 890 3618 ia
908 3563 1005 3632 quibos

840 3635 1029 3704 pabiicocioi-

831 3706 898 3762 tatic
911 3711 1030 3762 stercora

866 3778 995 3845 defluunt.

832 3849 1030 3904 Nomiotriaae

832 3920 1030 3990 dicanturpri·

839 3992 962 4048 oataec‘a
974 3991 1019 4046 do·

883 4063 980 4117 mibuo.

229 4129 314 4197 forirc
333 4135 372 4186 eet
427 4127 590 4195 scrireeaim
677 4133 763 4200 scrire

274 4235 326 4288 pro
421 4215 511 4285 iacuit
529 4217 596 4271 Pro·

427 4305 476 4358 buo
493 4311 593 4361 oetcree
673 4313 772 4363 veteres

449 4391 571 4448 dicebant
657 4397 780 4453 dicebant

431 4480 539 4536 deiicere
554 4498 587 4537 ac
